@article{tZq2020,
   title={Observation of the associated production of a top quark and a Z boson in pp collisions at $\sqrt{s}$= 13 TeV with the ATLAS detector},
   volume={2020},
   ISSN={1029-8479},
   url={http://dx.doi.org/10.1007/JHEP07(2020)124},
   DOI={10.1007/jhep07(2020)124},
   number={7},
   journal={Journal of High Energy Physics},
   publisher={Springer Science and Business Media LLC},
   author={Aad, G. and Abbott, B. and Abbott, D. C. and Abed Abud, A. and Abeling, K. and Abhayasinghe, D. K. and Abidi, S. H. and AbouZeid, O. S. and Abraham, N. L. and et al.},
   year={2020},
   month={Jul}
}

% Chapter 1: Introduction
@article{PhysRevLett.103.092001,
  title = {Observation of Single Top-Quark Production},
  author = {Abazov, V. M. and Abbott, B. and Abolins, M. and Acharya, B. S. and Adams, M. and Adams, T. and Aguilo, E. and Ahsan, M. and Alexeev, G. D. and Alkhazov, G. and Alton, A. and Alverson, G. and Alves, G. A. and Ancu, L. S. and Andeen, T. and Anzelc, M. S. and Aoki, M. and Arnoud, Y. and Arov, M. and Arthaud, M. and Askew, A. and \AA{}sman, B. and Atramentov, O. and Avila, C. and BackusMayes, J. and Badaud, F. and Bagby, L. and Baldin, B. and Bandurin, D. V. and Banerjee, P. and Banerjee, S. and Barberis, E. and Barfuss, A.-F. and Bargassa, P. and Baringer, P. and Barreto, J. and Bartlett, J. F. and Bassler, U. and Bauer, D. and Beale, S. and Bean, A. and Begalli, M. and Begel, M. and Belanger-Champagne, C. and Bellantoni, L. and Bellavance, A. and Benitez, J. A. and Beri, S. B. and Bernardi, G. and Bernhard, R. and Bertram, I. and Besan\ifmmode \mbox{\c{c}}\else \c{c}\fi{}on, M. and Beuselinck, R. and Bezzubov, V. A. and Bhat, P. C. and Bhatnagar, V. and Blazey, G. and Blessing, S. and Bloom, K. and Boehnlein, A. and Boline, D. and Bolton, T. A. and Boos, E. E. and Borissov, G. and Bose, T. and Brandt, A. and Brock, R. and Brooijmans, G. and Bross, A. and Brown, D. and Bu, X. B. and Buchanan, N. J. and Buchholz, D. and Buehler, M. and Buescher, V. and Bunichev, V. and Burdin, S. and Burnett, T. H. and Buszello, C. P. and Calfayan, P. and Calpas, B. and Calvet, S. and Cammin, J. and Carrasco-Lizarraga, M. A. and Carrera, E. and Carvalho, W. and Casey, B. C. K. and Castilla-Valdez, H. and Chakrabarti, S. and Chakraborty, D. and Chan, K. M. and Chandra, A. and Cheu, E. and Cho, D. K. and Choi, S. and Choudhary, B. and Christofek, L. and Christoudias, T. and Cihangir, S. and Claes, D. and Clutter, J. and Coadou, Y. and Cooke, M. and Cooper, W. E. and Corcoran, M. and Couderc, F. and Cousinou, M.-C. and Cr\'ep\'e-Renaudin, S. and Cuplov, V. and Cutts, D. and \ifmmode \acute{C}\else \'{C}\fi{}wiok, M. and Das, A. and Davies, G. and De, K. and de Jong, S. J. and De La Cruz-Burelo, E. and DeVaughan, K. and D\'eliot, F. and Demarteau, M. and Demina, R. and Denisov, D. and Denisov, S. P. and Desai, S. and Diehl, H. T. and Diesburg, M. and Dominguez, A. and Dorland, T. and Dubey, A. and Dudko, L. V. and Duflot, L. and Duggan, D. and Duperrin, A. and Dutt, S. and Dyshkant, A. and Eads, M. and Edmunds, D. and Ellison, J. and Elvira, V. D. and Enari, Y. and Eno, S. and Ermolov, P. and Escalier, M. and Evans, H. and Evdokimov, A. and Evdokimov, V. N. and Ferapontov, A. V. and Ferbel, T. and Fiedler, F. and Filthaut, F. and Fisher, W. and Fisk, H. E. and Fortner, M. and Fox, H. and Fu, S. and Fuess, S. and Gadfort, T. and Galea, C. F. and Garcia-Bellido, A. and Gavrilov, V. and Gay, P. and Geist, W. and Geng, W. and Gerber, C. E. and Gershtein, Y. and Gillberg, D. and Ginther, G. and G\'omez, B. and Goussiou, A. and Grannis, P. D. and Greder, S. and Greenlee, H. and Greenwood, Z. D. and Gregores, E. M. and Grenier, G. and Gris, Ph. and Grivaz, J.-F. and Grohsjean, A. and Gr\"unendahl, S. and Gr\"unewald, M. W. and Guo, F. and Guo, J. and Gutierrez, G. and Gutierrez, P. and Haas, A. and Hadley, N. J. and Haefner, P. and Hagopian, S. and Haley, J. and Hall, I. and Hall, R. E. and Han, L. and Harder, K. and Harel, A. and Hauptman, J. M. and Hays, J. and Hebbeker, T. and Hedin, D. and Hegeman, J. G. and Heinson, A. P. and Heintz, U. and Hensel, C. and Herner, K. and Hesketh, G. and Hildreth, M. D. and Hirosky, R. and Hoang, T. and Hobbs, J. D. and Hoeneisen, B. and Hohlfeld, M. and Hossain, S. and Houben, P. and Hu, Y. and Hubacek, Z. and Huske, N. and Hynek, V. and Iashvili, I. and Illingworth, R. and Ito, A. S. and Jabeen, S. and Jaffr\'e, M. and Jain, S. and Jakobs, K. and Jamin, D. and Jarvis, C. and Jesik, R. and Johns, K. and Johnson, C. and Johnson, M. and Johnston, D. and Jonckheere, A. and Jonsson, P. and Juste, A. and Kajfasz, E. and Karmanov, D. and Kasper, P. A. and Katsanos, I. and Kaushik, V. and Kehoe, R. and Kermiche, S. and Khalatyan, N. and Khanov, A. and Kharchilava, A. and Kharzheev, Y. N. and Khatidze, D. and Kim, T. J. and Kirby, M. H. and Kirsch, M. and Klima, B. and Kohli, J. M. and Konrath, J.-P. and Kozelov, A. V. and Kraus, J. and Kuhl, T. and Kumar, A. and Kupco, A. and Kur\ifmmode \check{c}\else \v{c}\fi{}a, T. and Kuzmin, V. A. and Kvita, J. and Lacroix, F. and Lam, D. and Lammers, S. and Landsberg, G. and Lebrun, P. and Lee, W. M. and Leflat, A. and Lellouch, J. and Li, J. and Li, L. and Li, Q. Z. and Lietti, S. M. and Lim, J. K. and Lincoln, D. and Linnemann, J. and Lipaev, V. V. and Lipton, R. and Liu, Y. and Liu, Z. and Lobodenko, A. and Lokajicek, M. and Love, P. and Lubatti, H. J. and Luna-Garcia, R. and Lyon, A. L. and Maciel, A. K. A. and Mackin, D. and M\"attig, P. and Magerkurth, A. and Mal, P. K. and Malbouisson, H. B. and Malik, S. and Malyshev, V. L. and Maravin, Y. and Martin, B. and McCarthy, R. and McGivern, C. L. and Meijer, M. M. and Melnitchouk, A. and Mendoza, L. and Mercadante, P. G. and Merkin, M. and Merritt, K. W. and Meyer, A. and Meyer, J. and Mitrevski, J. and Mommsen, R. K. and Mondal, N. K. and Moore, R. W. and Moulik, T. and Muanza, G. S. and Mulhearn, M. and Mundal, O. and Mundim, L. and Nagy, E. and Naimuddin, M. and Narain, M. and Neal, H. A. and Negret, J. P. and Neustroev, P. and Nilsen, H. and Nogima, H. and Novaes, S. F. and Nunnemann, T. and O'Neil, D. C. and Obrant, G. and Ochando, C. and Onoprienko, D. and Orduna, J. and Oshima, N. and Osman, N. and Osta, J. and Otec, R. and Otero y Garz\'on, G. J. and Owen, M. and Padilla, M. and Padley, P. and Pangilinan, M. and Parashar, N. and Park, S.-J. and Park, S. K. and Parsons, J. and Partridge, R. and Parua, N. and Patwa, A. and Pawloski, G. and Penning, B. and Perfilov, M. and Peters, K. and Peters, Y. and P\'etroff, P. and Piegaia, R. and Piper, J. and Pleier, M.-A. and Podesta-Lerma, P. L. M. and Podstavkov, V. M. and Pogorelov, Y. and Pol, M.-E. and Polozov, P. and Popov, A. V. and Potter, C. and Prado da Silva, W. L. and Prosper, H. B. and Protopopescu, S. and Qian, J. and Quadt, A. and Quinn, B. and Rakitine, A. and Rangel, M. S. and Ranjan, K. and Ratoff, P. N. and Renkel, P. and Rich, P. and Rijssenbeek, M. and Ripp-Baudot, I. and Rizatdinova, F. and Robinson, S. and Rodrigues, R. F. and Rominsky, M. and Royon, C. and Rubinov, P. and Ruchti, R. and Safronov, G. and Sajot, G. and S\'anchez-Hern\'andez, A. and Sanders, M. P. and Sanghi, B. and Savage, G. and Sawyer, L. and Scanlon, T. and Schaile, D. and Schamberger, R. D. and Scheglov, Y. and Schellman, H. and Schliephake, T. and Schlobohm, S. and Schwanenberger, C. and Schwienhorst, R. and Sekaric, J. and Severini, H. and Shabalina, E. and Shamim, M. and Shary, V. and Shchukin, A. A. and Shivpuri, R. K. and Siccardi, V. and Simak, V. and Sirotenko, V. and Skubic, P. and Slattery, P. and Smirnov, D. and Snow, G. R. and Snow, J. and Snyder, S. and S\"oldner-Rembold, S. and Sonnenschein, L. and Sopczak, A. and Sosebee, M. and Soustruznik, K. and Spurlock, B. and Stark, J. and Stolin, V. and Stoyanova, D. A. and Strandberg, J. and Strandberg, S. and Strang, M. A. and Strauss, E. and Strauss, M. and Str\"ohmer, R. and Strom, D. and Stutte, L. and Sumowidagdo, S. and Svoisky, P. and Takahashi, M. and Tanasijczuk, A. and Taylor, W. and Tiller, B. and Tissandier, F. and Titov, M. and Tokmenin, V. V. and Torchiani, I. and Tsybychev, D. and Tuchming, B. and Tully, C. and Tuts, P. M. and Unalan, R. and Uvarov, L. and Uvarov, S. and Uzunyan, S. and Vachon, B. and van den Berg, P. J. and Van Kooten, R. and van Leeuwen, W. M. and Varelas, N. and Varnes, E. W. and Vasilyev, I. A. and Verdier, P. and Vertogradov, L. S. and Verzocchi, M. and Vilanova, D. and Vint, P. and Vokac, P. and Voutilainen, M. and Wagner, R. and Wahl, H. D. and Wang, M. H. L. S. and Warchol, J. and Watts, G. and Wayne, M. and Weber, G. and Weber, M. and Welty-Rieger, L. and Wenger, A. and Wetstein, M. and White, A. and Wicke, D. and Williams, M. R. J. and Wilson, G. W. and Wimpenny, S. J. and Wobisch, M. and Wood, D. R. and Wyatt, T. R. and Xie, Y. and Xu, C. and Yacoob, S. and Yamada, R. and Yang, W.-C. and Yasuda, T. and Yatsunenko, Y. A. and Ye, Z. and Yin, H. and Yip, K. and Yoo, H. D. and Youn, S. W. and Yu, J. and Zeitnitz, C. and Zelitch, S. and Zhao, T. and Zhou, B. and Zhu, J. and Zielinski, M. and Zieminska, D. and Zivkovic, L. and Zutshi, V. and Zverev, E. G.},
  collaboration = {D0 Collaboration},
  journal = {Phys. Rev. Lett.},
  volume = {103},
  issue = {9},
  pages = {092001},
  numpages = {7},
  year = {2009},
  month = {Aug},
  publisher = {American Physical Society},
  doi = {10.1103/PhysRevLett.103.092001},
  url = {https://link.aps.org/doi/10.1103/PhysRevLett.103.092001}
}

@article{PhysRevLett.103.092002,
  title = {Observation of Electroweak Single Top-Quark Production},
  author = {Aaltonen, T. and Adelman, J. and Akimoto, T. and \'Alvarez Gonz\'alez, B. and Amerio, S. and Amidei, D. and Anastassov, A. and Annovi, A. and Antos, J. and Apollinari, G. and Apresyan, A. and Arisawa, T. and Artikov, A. and Ashmanskas, W. and Attal, A. and Aurisano, A. and Azfar, F. and Badgett, W. and Barbaro-Galtieri, A. and Barnes, V. E. and Barnett, B. A. and Barria, P. and Bartsch, V. and Bauer, G. and Beauchemin, P.-H. and Bedeschi, F. and Beecher, D. and Behari, S. and Bellettini, G. and Bellinger, J. and Benjamin, D. and Beretvas, A. and Beringer, J. and Bhatti, A. and Binkley, M. and Bisello, D. and Bizjak, I. and Blair, R. E. and Blocker, C. and Blumenfeld, B. and Bocci, A. and Bodek, A. and Boisvert, V. and Bolla, G. and Bortoletto, D. and Boudreau, J. and Boveia, A. and Brau, B. and Bridgeman, A. and Brigliadori, L. and Bromberg, C. and Brubaker, E. and Budagov, J. and Budd, H. S. and Budd, S. and Burke, S. and Burkett, K. and Busetto, G. and Bussey, P. and Buzatu, A. and Byrum, K. L. and Cabrera, S. and Calancha, C. and Campanelli, M. and Campbell, M. and Canelli, F. and Canepa, A. and Carls, B. and Carlsmith, D. and Carosi, R. and Carrillo, S. and Carron, S. and Casal, B. and Casarsa, M. and Castro, A. and Catastini, P. and Cauz, D. and Cavaliere, V. and Cavalli-Sforza, M. and Cerri, A. and Cerrito, L. and Chang, S. H. and Chen, Y. C. and Chertok, M. and Chiarelli, G. and Chlachidze, G. and Chlebana, F. and Cho, K. and Chokheli, D. and Chou, J. P. and Choudalakis, G. and Chuang, S. H. and Chung, K. and Chung, W. H. and Chung, Y. S. and Chwalek, T. and Ciobanu, C. I. and Ciocci, M. A. and Clark, A. and Clark, D. and Compostella, G. and Convery, M. E. and Conway, J. and Cordelli, M. and Cortiana, G. and Cox, C. A. and Cox, D. J. and Crescioli, F. and Cuenca Almenar, C. and Cuevas, J. and Culbertson, R. and Cully, J. C. and Dagenhart, D. and Datta, M. and Davies, T. and de Barbaro, P. and De Cecco, S. and Deisher, A. and De Lorenzo, G. and Dell'Orso, M. and Deluca, C. and Demortier, L. and Deng, J. and Deninno, M. and Derwent, P. F. and Di Canto, P. and di Giovanni, G. P. and Dionisi, C. and Di Ruzza, B. and Dittmann, J. R. and D'Onofrio, M. and Donati, S. and Dong, P. and Donini, J. and Dorigo, T. and Dube, S. and Efron, J. and Elagin, A. and Erbacher, R. and Errede, D. and Errede, S. and Eusebi, R. and Fang, H. C. and Farrington, S. and Fedorko, W. T. and Feild, R. G. and Feindt, M. and Fernandez, J. P. and Ferrazza, C. and Field, R. and Flanagan, G. and Forrest, R. and Frank, M. J. and Franklin, M. and Freeman, J. C. and Furic, I. and Gallinaro, M. and Galyardt, J. and Garberson, F. and Garcia, J. E. and Garfinkel, A. F. and Garosi, P. and Genser, K. and Gerberich, H. and Gerdes, D. and Gessler, A. and Giagu, S. and Giakoumopoulou, V. and Giannetti, P. and Gibson, K. and Gimmell, J. L. and Ginsburg, C. M. and Giokaris, N. and Giordani, M. and Giromini, P. and Giunta, M. and Giurgiu, G. and Glagolev, V. and Glenzinski, D. and Gold, M. and Goldschmidt, N. and Golossanov, A. and Gomez, G. and Gomez-Ceballos, G. and Goncharov, M. and Gonz\'alez, O. and Gorelov, I. and Goshaw, A. T. and Goulianos, K. and Gresele, A. and Grinstein, S. and Grosso-Pilcher, C. and Group, R. C. and Grundler, U. and Guimaraes da Costa, J. and Gunay-Unalan, Z. and Haber, C. and Hahn, K. and Hahn, S. R. and Halkiadakis, E. and Han, B.-Y. and Han, J. Y. and Happacher, F. and Hara, K. and Hare, D. and Hare, M. and Harper, S. and Harr, R. F. and Harris, R. M. and Hartz, M. and Hatakeyama, K. and Hays, C. and Heck, M. and Heijboer, A. and Heinrich, J. and Henderson, C. and Herndon, M. and Heuser, J. and Hewamanage, S. and Hidas, D. and Hill, C. S. and Hirschbuehl, D. and Hocker, A. and Hou, S. and Houlden, M. and Hsu, S.-C. and Huffman, B. T. and Hughes, R. E. and Husemann, U. and Hussein, M. and Huston, J. and Incandela, J. and Introzzi, G. and Iori, M. and Ivanov, A. and James, E. and Jang, D. and Jayatilaka, B. and Jeon, E. J. and Jha, M. K. and Jindariani, S. and Johnson, W. and Jones, M. and Joo, K. K. and Jun, S. Y. and Jung, J. E. and Junk, T. R. and Kamon, T. and Kar, D. and Karchin, P. E. and Kato, Y. and Kephart, R. and Keung, J. and Khotilovich, V. and Kilminster, B. and Kim, D. H. and Kim, H. S. and Kim, H. W. and Kim, J. E. and Kim, M. J. and Kim, S. B. and Kim, S. H. and Kim, Y. K. and Kimura, N. and Kirsch, L. and Klimenko, S. and Knuteson, B. and Ko, B. R. and Kondo, K. and Kong, D. J. and Konigsberg, J. and Korytov, A. and Kotwal, A. V. and Kreps, M. and Kroll, J. and Krop, D. and Krumnack, N. and Kruse, M. and Krutelyov, V. and Kubo, T. and Kuhr, T. and Kulkarni, N. P. and Kurata, M. and Kwang, S. and Laasanen, A. T. and Lami, S. and Lammel, S. and Lancaster, M. and Lander, R. L. and Lannon, K. and Lath, A. and Latino, G. and Lazzizzera, I. and LeCompte, T. and Lee, E. and Lee, H. S. and Lee, S. W. and Leone, S. and Lewis, J. D. and Lin, C.-S. and Linacre, J. and Lindgren, M. and Lipeles, E. and Liss, T. M. and Lister, A. and Litvintsev, D. O. and Liu, C. and Liu, T. and Lockyer, N. S. and Loginov, A. and Loreti, M. and Lovas, L. and Lucchesi, D. and Luci, C. and Lueck, J. and Lujan, P. and Lukens, P. and Lungu, G. and Lyons, L. and Lys, J. and Lysak, R. and MacQueen, D. and Madrak, R. and Maeshima, K. and Makhoul, K. and Maki, T. and Maksimovic, P. and Malde, S. and Malik, S. and Manca, G. and Manousakis-Katsikakis, A. and Margaroli, F. and Marino, C. and Marino, C. P. and Martin, A. and Martin, V. and Mart\'{\i}nez, M. and Mart\'{\i}nez-Ballar\'{\i}n, R. and Maruyama, T. and Mastrandrea, P. and Masubuchi, T. and Mathis, M. and Mattson, M. E. and Mazzanti, P. and McFarland, K. S. and McIntyre, P. and McNulty, R. and Mehta, A. and Mehtala, P. and Menzione, A. and Merkel, P. and Mesropian, C. and Miao, T. and Miladinovic, N. and Miller, R. and Mills, C. and Milnik, M. and Mitra, A. and Mitselmakher, G. and Miyake, H. and Moggi, N. and Moon, C. S. and Moore, R. and Morello, M. J. and Morlock, J. and Movilla Fernandez, P. and M\"ulmenst\"adt, J. and Mukherjee, A. and Muller, Th. and Mumford, R. and Murat, P. and Mussini, M. and Nachtman, J. and Nagai, Y. and Nagano, A. and Naganoma, J. and Nakamura, K. and Nakano, I. and Napier, A. and Necula, V. and Nett, J. and Neu, C. and Neubauer, M. S. and Neubauer, S. and Nielsen, J. and Nodulman, L. and Norman, M. and Norniella, O. and Nurse, E. and Oakes, L. and Oh, S. H. and Oh, Y. D. and Oksuzian, I. and Okusawa, T. and Orava, R. and Osterberg, K. and Pagan Griso, S. and Palencia, E. and Papadimitriou, V. and Papaikonomou, A. and Paramonov, A. A. and Parks, B. and Pashapour, S. and Patrick, J. and Pauletta, G. and Paulini, M. and Paus, C. and Peiffer, T. and Pellett, D. E. and Penzo, A. and Phillips, T. J. and Piacentino, G. and Pianori, E. and Pinera, L. and Pitts, K. and Plager, C. and Pondrom, L. and Potamianos, K. and Poukhov, O. and Pounder, N. and Prakoshyn, F. and Pronko, A. and Proudfoot, J. and Ptohos, F. and Pueschel, E. and Punzi, G. and Pursley, J. and Rademacker, J. and Rahaman, A. and Ramakrishnan, V. and Ranjan, N. and Redondo, I. and Renton, P. and Renz, M. and Rescigno, M. and Richter, S. and Rimondi, F. and Ristori, L. and Robson, A. and Rodrigo, T. and Rodriguez, T. and Rogers, E. and Rolli, S. and Roser, R. and Rossi, M. and Rossin, R. and Roy, P. and Ruiz, A. and Russ, J. and Rusu, V. and Rutherford, B. and Saarikko, H. and Safonov, A. and Sakumoto, W. K. and Salt\'o, O. and Santi, L. and Sarkar, S. and Sartori, L. and Sato, K. and Savoy-Navarro, A. and Schlabach, P. and Schmidt, A. and Schmidt, E. E. and Schmidt, M. A. and Schmidt, M. P. and Schmitt, M. and Schwarz, T. and Scodellaro, L. and Scribano, A. and Scuri, F. and Sedov, A. and Seidel, S. and Seiya, Y. and Semenov, A. and Sexton-Kennedy, L. and Sforza, F. and Sfyrla, A. and Shalhout, S. Z. and Shears, T. and Shepard, P. F. and Shimojima, M. and Shiraishi, S. and Shochet, M. and Shon, Y. and Shreyber, I. and Sinervo, P. and Sisakyan, A. and Slaughter, A. J. and Slaunwhite, J. and Sliwa, K. and Smith, J. R. and Snider, F. D. and Snihur, R. and Soha, A. and Somalwar, S. and Sorin, V. and Spalding, J. and Spreitzer, T. and Squillacioti, P. and Stanitzki, M. and St. Denis, R. and Stelzer, B. and Stelzer-Chilton, O. and Stentz, D. and Strologas, J. and Strycker, G. L. and Stuart, D. and Suh, J. S. and Sukhanov, A. and Suslov, I. and Suzuki, T. and Taffard, A. and Takashima, R. and Takeuchi, Y. and Tanaka, R. and Tecchio, M. and Teng, P. K. and Terashi, K. and Thom, J. and Thompson, A. S. and Thompson, G. A. and Thomson, E. and Tipton, P. and Ttito-Guzm\'an, P. and Tkaczyk, S. and Toback, D. and Tokar, S. and Tollefson, K. and Tomura, T. and Tonelli, D. and Torre, S. and Torretta, D. and Totaro, P. and Tourneur, S. and Trovato, M. and Tsai, S.-Y. and Tu, Y. and Turini, N. and Ukegawa, F. and Vallecorsa, S. and van Remortel, N. and Varganov, A. and Vataga, E. and V\'azquez, F. and Velev, G. and Vellidis, C. and Vidal, M. and Vidal, R. and Vila, I. and Vilar, R. and Vine, T. and Vogel, M. and Volobouev, I. and Volpi, G. and Wagner, P. and Wagner, R. G. and Wagner, R. L. and Wagner, W. and Wagner-Kuhr, J. and Wakisaka, T. and Wallny, R. and Wang, S. M. and Warburton, A. and Waters, D. and Weinberger, M. and Weinelt, J. and Wester, W. C. and Whitehouse, B. and Whiteson, D. and Wicklund, A. B. and Wicklund, E. and Wilbur, S. and Williams, G. and Williams, H. H. and Wilson, P. and Winer, B. L. and Wittich, P. and Wolbers, S. and Wolfe, C. and Wright, T. and Wu, X. and W\"urthwein, F. and Xie, S. and Yagil, A. and Yamamoto, K. and Yamaoka, J. and Yang, U. K. and Yang, Y. C. and Yao, W. M. and Yeh, G. P. and Yoh, J. and Yorita, K. and Yoshida, T. and Yu, G. B. and Yu, I. and Yu, S. S. and Yun, J. C. and Zanello, L. and Zanetti, A. and Zhang, X. and Zheng, Y. and Zucchelli, S.},
  collaboration = {CDF Collaboration},
  journal = {Phys. Rev. Lett.},
  volume = {103},
  issue = {9},
  pages = {092002},
  numpages = {8},
  year = {2009},
  month = {Aug},
  publisher = {American Physical Society},
  doi = {10.1103/PhysRevLett.103.092002},
  url = {https://link.aps.org/doi/10.1103/PhysRevLett.103.092002}
}


@article{ATLAS:2012byx,
    author = "Aad, Georges and others",
    collaboration = "ATLAS",
    title = "{Measurement of the $t$-channel single top-quark production cross section in $pp$ collisions at $\sqrt{s}=7$ TeV with the ATLAS detector}",
    eprint = "1205.3130",
    archivePrefix = "arXiv",
    primaryClass = "hep-ex",
    reportNumber = "CERN-PH-EP-2012-082",
    doi = "10.1016/j.physletb.2012.09.031",
    journal = "Phys. Lett. B",
    volume = "717",
    pages = "330--350",
    year = "2012"
}

@article{PhysRevLeCMS,
  title = {Measurement of the $t$-Channel Single Top Quark Production Cross Section in $pp$ Collisions at $\sqrt{s}=7\text{ }\text{ }\mathrm{TeV}$},
  author = {Chatrchyan, S. and Khachatryan, V. and Sirunyan, A. M. and Tumasyan, A. and Adam, W. and Bergauer, T. and Dragicevic, M. and Er\"o, J. and Fabjan, C. and Friedl, M. and Fr\"uhwirth, R. and Ghete, V. M. and Hammer, J. and H\"ansel, S. and Hoch, M. and H\"ormann, N. and Hrubec, J. and Jeitler, M. and Kiesenhofer, W. and Krammer, M. and Liko, D. and Mikulec, I. and Pernicka, M. and Rohringer, H. and Sch\"ofbeck, R. and Strauss, J. and Taurok, A. and Teischinger, F. and Wagner, P. and Waltenberger, W. and Walzel, G. and Widl, E. and Wulz, C.-E. and Mossolov, V. and Shumeiko, N. and Suarez Gonzalez, J. and Bansal, S. and Benucci, L. and De Wolf, E. A. and Janssen, X. and Maes, J. and Maes, T. and Mucibello, L. and Ochesanu, S. and Roland, B. and Rougny, R. and Selvaggi, M. and Van Haevermaet, H. and Van Mechelen, P. and Van Remortel, N. and Blekman, F. and Blyweert, S. and D'Hondt, J. and Devroede, O. and Gonzalez Suarez, R. and Kalogeropoulos, A. and Maes, M. and Van Doninck, W. and Van Mulders, P. and Van Onsem, G. P. and Villella, I. and Charaf, O. and Clerbaux, B. and De Lentdecker, G. and Dero, V. and Gay, A. P. R. and Hammad, G. H. and Hreus, T. and Marage, P. E. and Thomas, L. and Vander Velde, C. and Vanlaer, P. and Adler, V. and Cimmino, A. and Costantini, S. and Grunewald, M. and Klein, B. and Lellouch, J. and Marinov, A. and Mccartin, J. and Ryckbosch, D. and Thyssen, F. and Tytgat, M. and Vanelderen, L. and Verwilligen, P. and Walsh, S. and Zaganidis, N. and Basegmez, S. and Bruno, G. and Caudron, J. and Ceard, L. and Cortina Gil, E. and De Favereau De Jeneret, J. and Delaere, C. and Favart, D. and Giammanco, A. and Gr\'egoire, G. and Hollar, J. and Lemaitre, V. and Liao, J. and Militaru, O. and Nuttens, C. and Ovyn, S. and Pagano, D. and Pin, A. and Piotrzkowski, K. and Schul, N. and Beliy, N. and Caebergs, T. and Daubie, E. and Alves, G. A. and Brito, L. and De Jesus Damiao, D. and Pol, M. E. and Souza, M. H. G. and Ald\'a J\'unior, W. L. and Carvalho, W. and Da Costa, E. M. and De Oliveira Martins, C. and Fonseca De Souza, S. and Mundim, L. and Nogima, H. and Oguri, V. and Prado Da Silva, W. L. and Santoro, A. and Silva Do Amaral, S. M. and Sznajder, A. and Bernardes, C. A. and Dias, F. A. and Fernandez Perez Tomei, T. R. and Gregores, E. M. and Lagana, C. and Marinho, F. and Mercadante, P. G. and Novaes, S. F. and Padula, Sandra S. and Darmenov, N. and Genchev, V. and Iaydjiev, P. and Piperov, S. and Rodozov, M. and Stoykova, S. and Sultanov, G. and Tcholakov, V. and Trayanov, R. and Dimitrov, A. and Hadjiiska, R. and Karadzhinova, A. and Kozhuharov, V. and Litov, L. and Mateev, M. and Pavlov, B. and Petkov, P. and Bian, J. G. and Chen, G. M. and Chen, H. S. and Jiang, C. H. and Liang, D. and Liang, S. and Meng, X. and Tao, J. and Wang, J. and Wang, J. and Wang, X. and Wang, Z. and Xiao, H. and Xu, M. and Zang, J. and Zhang, Z. and Ban, Y. and Guo, S. and Guo, Y. and Li, W. and Mao, Y. and Qian, S. J. and Teng, H. and Zhu, B. and Zou, W. and Cabrera, A. and Gomez Moreno, B. and Ocampo Rios, A. A. and Osorio Oliveros, A. F. and Sanabria, J. C. and Godinovic, N. and Lelas, D. and Lelas, K. and Plestina, R. and Polic, D. and Puljak, I. and Antunovic, Z. and Dzelalija, M. and Brigljevic, V. and Duric, S. and Kadija, K. and Morovic, S. and Attikis, A. and Galanti, M. and Mousa, J. and Nicolaou, C. and Ptochos, F. and Razis, P. A. and Finger, M. and Finger, M. and Assran, Y. and Khalil, S. and Mahmoud, M. A. and Hektor, A. and Kadastik, M. and M\"untel, M. and Raidal, M. and Rebane, L. and Tiko, A. and Azzolini, V. and Eerola, P. and Fedi, G. and Czellar, S. and H\"ark\"onen, J. and Heikkinen, A. and Karim\"aki, V. and Kinnunen, R. and Kortelainen, M. J. and Lamp\'en, T. and Lassila-Perini, K. and Lehti, S. and Lind\'en, T. and Luukka, P. and M\"aenp\"a\"a, T. and Tuominen, E. and Tuominiemi, J. and Tuovinen, E. and Ungaro, D. and Wendland, L. and Banzuzi, K. and Karjalainen, A. and Korpela, A. and Tuuva, T. and Sillou, D. and Besancon, M. and Choudhury, S. and Dejardin, M. and Denegri, D. and Fabbro, B. and Faure, J. L. and Ferri, F. and Ganjour, S. and Gentit, F. X. and Givernaud, A. and Gras, P. and Hamel de Monchenault, G. and Jarry, P. and Locci, E. and Malcles, J. and Marionneau, M. and Millischer, L. and Rander, J. and Rosowsky, A. and Shreyber, I. and Titov, M. and Verrecchia, P. and Baffioni, S. and Beaudette, F. and Benhabib, L. and Bianchini, L. and Bluj, M. and Broutin, C. and Busson, P. and Charlot, C. and Dahms, T. and Dobrzynski, L. and Elgammal, S. and Granier de Cassagnac, R. and Haguenauer, M. and Min\'e, P. and Mironov, C. and Ochando, C. and Paganini, P. and Sabes, D. and Salerno, R. and Sirois, Y. and Thiebaux, C. and Wyslouch, B. and Zabi, A. and Agram, J.-L. and Andrea, J. and Bloch, D. and Bodin, D. and Brom, J.-M. and Cardaci, M. and Chabert, E. C. and Collard, C. and Conte, E. and Drouhin, F. and Ferro, C. and Fontaine, J.-C. and Gel\'e, D. and Goerlach, U. and Greder, S. and Juillot, P. and Karim, M. and Le Bihan, A.-C. and Mikami, Y. and Van Hove, P. and Fassi, F. and Mercier, D. and Baty, C. and Beauceron, S. and Beaupere, N. and Bedjidian, M. and Bondu, O. and Boudoul, G. and Boumediene, D. and Brun, H. and Chasserat, J. and Chierici, R. and Contardo, D. and Depasse, P. and El Mamouni, H. and Fay, J. and Gascon, S. and Ille, B. and Kurca, T. and Le Grand, T. and Lethuillier, M. and Mirabito, L. and Perries, S. and Sordini, V. and Tosi, S. and Tschudi, Y. and Verdier, P. and Lomidze, D. and Anagnostou, G. and Beranek, S. and Edelhoff, M. and Feld, L. and Heracleous, N. and Hindrichs, O. and Jussen, R. and Klein, K. and Merz, J. and Mohr, N. and Ostapchuk, A. and Perieanu, A. and Raupach, F. and Sammet, J. and Schael, S. and Sprenger, D. and Weber, H. and Weber, M. and Wittmer, B. and Ata, M. and Dietz-Laursonn, E. and Erdmann, M. and Fischer, R. and Hebbeker, T. and Hinzmann, A. and Hoepfner, K. and H\"oing, R. S. and Klimkovich, T. and Klingebiel, D. and Kreuzer, P. and Lanske, D. and Lingemann, J. and Magass, C. and Merschmeyer, M. and Meyer, A. and Papacz, P. and Pieta, H. and Reithler, H. and Schmitz, S. A. and Sonnenschein, L. and Steggemann, J. and Teyssier, D. and Bontenackels, M. and Davids, M. and Duda, M. and Fl\"ugge, G. and Geenen, H. and Giffels, M. and Haj Ahmad, W. and Heydhausen, D. and Hoehle, F. and Kargoll, B. and Kress, T. and Kuessel, Y. and Linn, A. and Nowack, A. and Perchalla, L. and Pooth, O. and Rennefeld, J. and Sauerland, P. and Stahl, A. and Thomas, M. and Tornier, D. and Zoeller, M. H. and Aldaya Martin, M. and Behrenhoff, W. and Behrens, U. and Bergholz, M. and Bethani, A. and Borras, K. and Cakir, A. and Campbell, A. and Castro, E. and Dammann, D. and Eckerlin, G. and Eckstein, D. and Flossdorf, A. and Flucke, G. and Geiser, A. and Hauk, J. and Jung, H. and Kasemann, M. and Katkov, I. and Katsas, P. and Kleinwort, C. and Kluge, H. and Knutsson, A. and Kr\"amer, M. and Kr\"ucker, D. and Kuznetsova, E. and Lange, W. and Lohmann, W. and Mankel, R. and Marienfeld, M. and Melzer-Pellmann, I.-A. and Meyer, A. B. and Mnich, J. and Mussgiller, A. and Olzem, J. and Petrukhin, A. and Pitzl, D. and Raspereza, A. and Raval, A. and Rosin, M. and Schmidt, R. and Schoerner-Sadenius, T. and Sen, N. and Spiridonov, A. and Stein, M. and Tomaszewska, J. and Walsh, R. and Wissing, C. and Autermann, C. and Blobel, V. and Bobrovskyi, S. and Draeger, J. and Enderle, H. and Gebbert, U. and G\"orner, M. and Kaschube, K. and Kaussen, G. and Kirschenmann, H. and Klanner, R. and Lange, J. and Mura, B. and Naumann-Emme, S. and Nowak, F. and Pietsch, N. and Sander, C. and Schettler, H. and Schleper, P. and Schlieckau, E. and Schr\"oder, M. and Schum, T. and Schwandt, J. and Stadie, H. and Steinbr\"uck, G. and Thomsen, J. and Barth, C. and Bauer, J. and Berger, J. and Buege, V. and Chwalek, T. and De Boer, W. and Dierlamm, A. and Dirkes, G. and Feindt, M. and Gruschke, J. and Hackstein, C. and Hartmann, F. and Heinrich, M. and Held, H. and Hoffmann, K. H. and Honc, S. and Komaragiri, J. R. and Kuhr, T. and Martschei, D. and Mueller, S. and M\"uller, Th. and Niegel, M. and Oberst, O. and Oehler, A. and Ott, J. and Peiffer, T. and Quast, G. and Rabbertz, K. and Ratnikov, F. and Ratnikova, N. and Renz, M. and R\"ocker, S. and Saout, C. and Scheurer, A. and Schieferdecker, P. and Schilling, F.-P. and Schott, G. and Simonis, H. J. and Stober, F. M. and Troendle, D. and Wagner-Kuhr, J. and Weiler, T. and Zeise, M. and Zhukov, V. and Ziebarth, E. B. and Daskalakis, G. and Geralis, T. and Kesisoglou, S. and Kyriakis, A. and Loukas, D. and Manolakos, I. and Markou, A. and Markou, C. and Mavrommatis, C. and Ntomari, E. and Petrakou, E. and Gouskos, L. and Mertzimekis, T. J. and Panagiotou, A. and Stiliaris, E. and Evangelou, I. and Foudas, C. and Kokkas, P. and Manthos, N. and Papadopoulos, I. and Patras, V. and Triantis, F. A. and Aranyi, A. and Bencze, G. and Boldizsar, L. and Hajdu, C. and Hidas, P. and Horvath, D. and Kapusi, A. and Krajczar, K. and Sikler, F. and Veres, G. I. and Vesztergombi, G. and Beni, N. and Molnar, J. and Palinkas, J. and Szillasi, Z. and Veszpremi, V. and Raics, P. and Trocsanyi, Z. L. and Ujvari, B. and Beri, S. B. and Bhatnagar, V. and Dhingra, N. and Gupta, R. and Jindal, M. and Kaur, M. and Kohli, J. M. and Mehta, M. Z. and Nishu, N. and Saini, L. K. and Sharma, A. and Singh, A. P. and Singh, J. and Singh, S. P. and Ahuja, S. and Choudhary, B. C. and Gupta, P. and Jain, S. and Kumar, A. and Kumar, A. and Naimuddin, M. and Ranjan, K. and Shivpuri, R. K. and Banerjee, S. and Bhattacharya, S. and Dutta, S. and Gomber, B. and Jain, S. and Khurana, R. and Sarkar, S. and Choudhury, R. K. and Dutta, D. and Kailas, S. and Kumar, V. and Mehta, P. and Mohanty, A. K. and Pant, L. M. and Shukla, P. and Aziz, T. and Guchait, M. and Gurtu, A. and Maity, M. and Majumder, D. and Majumder, G. and Mazumdar, K. and Mohanty, G. B. and Saha, A. and Sudhakar, K. and Wickramage, N. and Banerjee, S. and Dugad, S. and Mondal, N. K. and Arfaei, H. and Bakhshiansohi, H. and Etesami, S. M. and Fahim, A. and Hashemi, M. and Jafari, A. and Khakzad, M. and Mohammadi, A. and Mohammadi Najafabadi, M. and Paktinat Mehdiabadi, S. and Safarzadeh, B. and Zeinali, M. and Abbrescia, M. and Barbone, L. and Calabria, C. and Colaleo, A. and Creanza, D. and De Filippis, N. and De Palma, M. and Fiore, L. and Iaselli, G. and Lusito, L. and Maggi, G. and Maggi, M. and Manna, N. and Marangelli, B. and My, S. and Nuzzo, S. and Pacifico, N. and Pierro, G. A. and Pompili, A. and Pugliese, G. and Romano, F. and Roselli, G. and Selvaggi, G. and Silvestris, L. and Trentadue, R. and Tupputi, S. and Zito, G. and Abbiendi, G. and Benvenuti, A. C. and Bonacorsi, D. and Braibant-Giacomelli, S. and Brigliadori, L. and Capiluppi, P. and Castro, A. and Cavallo, F. R. and Cuffiani, M. and Dallavalle, G. M. and Fabbri, F. and Fanfani, A. and Fasanella, D. and Giacomelli, P. and Giunta, M. and Grandi, C. and Marcellini, S. and Masetti, G. and Meneghelli, M. and Montanari, A. and Navarria, F. L. and Odorici, F. and Perrotta, A. and Primavera, F. and Rossi, A. M. and Rovelli, T. and Siroli, G. and Travaglini, R. and Albergo, S. and Cappello, G. and Chiorboli, M. and Costa, S. and Tricomi, A. and Tuve, C. and Barbagli, G. and Ciulli, V. and Civinini, C. and D'Alessandro, R. and Focardi, E. and Frosali, S. and Gallo, E. and Gonzi, S. and Lenzi, P. and Meschini, M. and Paoletti, S. and Sguazzoni, G. and Tropiano, A. and Benussi, L. and Bianco, S. and Colafranceschi, S. and Fabbri, F. and Piccolo, D. and Fabbricatore, P. and Musenich, R. and Benaglia, A. and De Guio, F. and Di Matteo, L. and Gennai, S. and Ghezzi, A. and Malvezzi, S. and Martelli, A. and Massironi, A. and Menasce, D. and Moroni, L. and Paganoni, M. and Pedrini, D. and Ragazzi, S. and Redaelli, N. and Sala, S. and Tabarelli de Fatis, T. and Buontempo, S. and Carrillo Montoya, C. A. and Cavallo, N. and De Cosa, A. and Fabozzi, F. and Iorio, A. O. M. and Lista, L. and Merola, M. and Paolucci, P. and Azzi, P. and Bacchetta, N. and Bellan, P. and Bisello, D. and Branca, A. and Carlin, R. and Checchia, P. and Dorigo, T. and Dosselli, U. and Fanzago, F. and Gasparini, F. and Gasparini, U. and Gozzelino, A. and Lacaprara, S. and Lazzizzera, I. and Margoni, M. and Mazzucato, M. and Meneguzzo, A. T. and Nespolo, M. and Perrozzi, L. and Pozzobon, N. and Ronchese, P. and Simonetto, F. and Torassa, E. and Tosi, M. and Vanini, S. and Zotto, P. and Zumerle, G. and Baesso, P. and Berzano, U. and Ratti, S. P. and Riccardi, C. and Torre, P. and Vitulo, P. and Viviani, C. and Biasini, M. and Bilei, G. M. and Caponeri, B. and Fan\`o, L. and Lariccia, P. and Lucaroni, A. and Mantovani, G. and Menichelli, M. and Nappi, A. and Romeo, F. and Santocchia, A. and Taroni, S. and Valdata, M. and Azzurri, P. and Bagliesi, G. and Bernardini, J. and Boccali, T. and Broccolo, G. and Castaldi, R. and D'Agnolo, R. T. and Dell'Orso, R. and Fiori, F. and Fo\`a, L. and Giassi, A. and Kraan, A. and Ligabue, F. and Lomtadze, T. and Martini, L. and Messineo, A. and Palla, F. and Segneri, G. and Serban, A. T. and Spagnolo, P. and Tenchini, R. and Tonelli, G. and Venturi, A. and Verdini, P. G. and Barone, L. and Cavallari, F. and Del Re, D. and Di Marco, E. and Diemoz, M. and Franci, D. and Grassi, M. and Longo, E. and Meridiani, P. and Nourbakhsh, S. and Organtini, G. and Pandolfi, F. and Paramatti, R. and Rahatlou, S. and Rovelli, C. and Amapane, N. and Arcidiacono, R. and Argiro, S. and Arneodo, M. and Biino, C. and Botta, C. and Cartiglia, N. and Castello, R. and Costa, M. and Demaria, N. and Graziano, A. and Mariotti, C. and Marone, M. and Maselli, S. and Migliore, E. and Mila, G. and Monaco, V. and Musich, M. and Obertino, M. M. and Pastrone, N. and Pelliccioni, M. and Potenza, A. and Romero, A. and Ruspa, M. and Sacchi, R. and Sola, V. and Solano, A. and Staiano, A. and Vilela Pereira, A. and Belforte, S. and Cossutti, F. and Della Ricca, G. and Gobbo, B. and Montanino, D. and Penzo, A. and Heo, S. G. and Nam, S. K. and Chang, S. and Chung, J. and Kim, D. H. and Kim, G. N. and Kim, J. E. and Kong, D. J. and Park, H. and Ro, S. R. and Son, D. and Son, D. C. and Son, T. and Kim, Zero and Kim, J. Y. and Song, S. and Choi, S. and Hong, B. and Jo, M. and Kim, H. and Kim, J. H. and Kim, T. J. and Lee, K. S. and Moon, D. H. and Park, S. K. and Sim, K. S. and Choi, M. and Kang, S. and Kim, H. and Park, C. and Park, I. C. and Park, S. and Ryu, G. and Choi, Y. and Choi, Y. K. and Goh, J. and Kim, M. S. and Lee, J. and Lee, S. and Seo, H. and Yu, I. and Bilinskas, M. J. and Grigelionis, I. and Janulis, M. and Martisiute, D. and Petrov, P. and Sabonis, T. and Castilla-Valdez, H. and De La Cruz-Burelo, E. and Heredia-de La Cruz, I. and Lopez-Fernandez, R. and Maga\~na Villalba, R. and S\'anchez-Hern\'andez, A. and Villasenor-Cendejas, L. M. and Carrillo Moreno, S. and Vazquez Valencia, F. and Salazar Ibarguen, H. A. and Casimiro Linares, E. and Morelos Pineda, A. and Reyes-Santos, M. A. and Krofcheck, D. and Tam, J. and Butler, P. H. and Doesburg, R. and Silverwood, H. and Ahmad, M. and Ahmed, I. and Asghar, M. I. and Hoorani, H. R. and Khan, W. A. and Khurshid, T. and Qazi, S. and Brona, G. and Cwiok, M. and Dominik, W. and Doroba, K. and Kalinowski, A. and Konecki, M. and Krolikowski, J. and Frueboes, T. and Gokieli, R. and G\'orski, M. and Kazana, M. and Nawrocki, K. and Romanowska-Rybinska, K. and Szleper, M. and Wrochna, G. and Zalewski, P. and Almeida, N. and Bargassa, P. and David, A. and Faccioli, P. and Ferreira Parracho, P. G. and Gallinaro, M. and Musella, P. and Nayak, A. and Pela, J. and Ribeiro, P. Q. and Seixas, J. and Varela, J. and Afanasiev, S. and Belotelov, I. and Bunin, P. and Golutvin, I. and Kamenev, A. and Karjavin, V. and Kozlov, G. and Lanev, A. and Moisenz, P. and Palichik, V. and Perelygin, V. and Shmatov, S. and Smirnov, V. and Volodko, A. and Zarubin, A. and Golovtsov, V. and Ivanov, Y. and Kim, V. and Levchenko, P. and Murzin, V. and Oreshkin, V. and Smirnov, I. and Sulimov, V. and Uvarov, L. and Vavilov, S. and Vorobyev, A. and Vorobyev, An. and Andreev, Yu. and Dermenev, A. and Gninenko, S. and Golubev, N. and Kirsanov, M. and Krasnikov, N. and Matveev, V. and Pashenkov, A. and Toropin, A. and Troitsky, S. and Epshteyn, V. and Gavrilov, V. and Kaftanov, V. and Kossov, M. and Krokhotin, A. and Lychkovskaya, N. and Popov, V. and Safronov, G. and Semenov, S. and Stolin, V. and Vlasov, E. and Zhokin, A. and Boos, E. and Dubinin, M. and Dudko, L. and Ershov, A. and Gribushin, A. and Kodolova, O. and Lokhtin, I. and Markina, A. and Obraztsov, S. and Perfilov, M. and Petrushanko, S. and Sarycheva, L. and Savrin, V. and Snigirev, A. and Andreev, V. and Azarkin, M. and Dremin, I. and Kirakosyan, M. and Leonidov, A. and Rusakov, S. V. and Vinogradov, A. and Azhgirey, I. and Bayshev, I. and Bitioukov, S. and Grishin, V. and Kachanov, V. and Konstantinov, D. and Korablev, A. and Krychkine, V. and Petrov, V. and Ryutin, R. and Sobol, A. and Tourtchanovitch, L. and Troshin, S. and Tyurin, N. and Uzunian, A. and Volkov, A. and Adzic, P. and Djordjevic, M. and Krpic, D. and Milosevic, J. and Aguilar-Benitez, M. and Alcaraz Maestre, J. and Arce, P. and Battilana, C. and Calvo, E. and Cepeda, M. and Cerrada, M. and Chamizo Llatas, M. and Colino, N. and De La Cruz, B. and Delgado Peris, A. and Diez Pardos, C. and Dom\'{\i}nguez V\'azquez, D. and Fernandez Bedoya, C. and Fern\'andez Ramos, J. P. and Ferrando, A. and Flix, J. and Fouz, M. C. and Garcia-Abia, P. and Gonzalez Lopez, O. and Goy Lopez, S. and Hernandez, J. M. and Josa, M. I. and Merino, G. and Puerta Pelayo, J. and Redondo, I. and Romero, L. and Santaolalla, J. and Soares, M. S. and Willmott, C. and Albajar, C. and Codispoti, G. and de Troc\'oniz, J. F. and Cuevas, J. and Fernandez Menendez, J. and Folgueras, S. and Gonzalez Caballero, I. and Lloret Iglesias, L. and Vizan Garcia, J. M. and Brochero Cifuentes, J. A. and Cabrillo, I. J. and Calderon, A. and Chuang, S. H. and Duarte Campderros, J. and Felcini, M. and Fernandez, M. and Gomez, G. and Gonzalez Sanchez, J. and Jorda, C. and Lobelle Pardo, P. and Lopez Virto, A. and Marco, J. and Marco, R. and Martinez Rivero, C. and Matorras, F. and Munoz Sanchez, F. J. and Piedra Gomez, J. and Rodrigo, T. and Rodr\'{\i}guez-Marrero, A. Y. and Ruiz-Jimeno, A. and Scodellaro, L. and Sobron Sanudo, M. and Vila, I. and Vilar Cortabitarte, R. and Abbaneo, D. and Auffray, E. and Auzinger, G. and Baillon, P. and Ball, A. H. and Barney, D. and Bell, A. J. and Benedetti, D. and Bernet, C. and Bialas, W. and Bloch, P. and Bocci, A. and Bolognesi, S. and Bona, M. and Breuker, H. and Bunkowski, K. and Camporesi, T. and Cerminara, G. and Christiansen, T. and Coarasa Perez, J. A. and Cur\'e, B. and D'Enterria, D. and De Roeck, A. and Di Guida, S. and Dupont-Sagorin, N. and Elliott-Peisert, A. and Frisch, B. and Funk, W. and Gaddi, A. and Georgiou, G. and Gerwig, H. and Gigi, D. and Gill, K. and Giordano, D. and Glege, F. and Gomez-Reino Garrido, R. and Gouzevitch, M. and Govoni, P. and Gowdy, S. and Guiducci, L. and Hansen, M. and Hartl, C. and Harvey, J. and Hegeman, J. and Hegner, B. and Hoffmann, H. F. and Honma, A. and Innocente, V. and Janot, P. and Kaadze, K. and Karavakis, E. and Lecoq, P. and Louren\ifmmode \mbox{\c{c}}\else \c{c}\fi{}o, C. and M\"aki, T. and Malberti, M. and Malgeri, L. and Mannelli, M. and Masetti, L. and Maurisset, A. and Meijers, F. and Mersi, S. and Meschi, E. and Moser, R. and Mozer, M. U. and Mulders, M. and Nesvold, E. and Nguyen, M. and Orimoto, T. and Orsini, L. and Perez, E. and Petrilli, A. and Pfeiffer, A. and Pierini, M. and Pimi\"a, M. and Piparo, D. and Polese, G. and Racz, A. and Reece, W. and Rodrigues Antunes, J. and Rolandi, G. and Rommerskirchen, T. and Rovere, M. and Sakulin, H. and Sch\"afer, C. and Schwick, C. and Segoni, I. and Sharma, A. and Siegrist, P. and Simon, M. and Sphicas, P. and Spiropulu, M. and Stoye, M. and Tropea, P. and Tsirou, A. and Vichoudis, P. and Voutilainen, M. and Zeuner, W. D. and Bertl, W. and Deiters, K. and Erdmann, W. and Gabathuler, K. and Horisberger, R. and Ingram, Q. and Kaestli, H. C. and K\"onig, S. and Kotlinski, D. and Langenegger, U. and Meier, F. and Renker, D. and Rohe, T. and Sibille, J. and Starodumov, A. and B\"ani, L. and Bortignon, P. and Caminada, L. and Chanon, N. and Chen, Z. and Cittolin, S. and Dissertori, G. and Dittmar, M. and Eugster, J. and Freudenreich, K. and Grab, C. and Hintz, W. and Lecomte, P. and Lustermann, W. and Marchica, C. and Martinez Ruiz del Arbol, P. and Milenovic, P. and Moortgat, F. and N\"ageli, C. and Nef, P. and Nessi-Tedaldi, F. and Pape, L. and Pauss, F. and Punz, T. and Rizzi, A. and Ronga, F. J. and Rossini, M. and Sala, L. and Sanchez, A. K. and Sawley, M.-C. and Stieger, B. and Tauscher, L. and Thea, A. and Theofilatos, K. and Treille, D. and Urscheler, C. and Wallny, R. and Weber, M. and Wehrli, L. and Weng, J. and Aguilo, E. and Amsler, C. and Chiochia, V. and De Visscher, S. and Favaro, C. and Ivova Rikova, M. and Millan Mejias, B. and Otiougova, P. and Regenfus, C. and Robmann, P. and Schmidt, A. and Snoek, H. and Chang, Y. H. and Chen, K. H. and Kuo, C. M. and Li, S. W. and Lin, W. and Liu, Z. K. and Lu, Y. J. and Mekterovic, D. and Volpe, R. and Wu, J. H. and Yu, S. S. and Bartalini, P. and Chang, P. and Chang, Y. H. and Chang, Y. W. and Chao, Y. and Chen, K. F. and Hou, W.-S. and Hsiung, Y. and Kao, K. Y. and Lei, Y. J. and Lu, R.-S. and Shiu, J. G. and Tzeng, Y. M. and Wang, M. and Adiguzel, A. and Bakirci, M. N. and Cerci, S. and Dozen, C. and Dumanoglu, I. and Eskut, E. and Girgis, S. and Gokbulut, G. and Hos, I. and Kangal, E. E. and Kayis Topaksu, A. and Onengut, G. and Ozdemir, K. and Ozturk, S. and Polatoz, A. and Sogut, K. and Sunar Cerci, D. and Tali, B. and Topakli, H. and Uzun, D. and Vergili, L. N. and Vergili, M. and Akin, I. V. and Aliev, T. and Bilin, B. and Bilmis, S. and Deniz, M. and Gamsizkan, H. and Guler, A. M. and Ocalan, K. and Ozpineci, A. and Serin, M. and Sever, R. and Surat, U. E. and Yildirim, E. and Zeyrek, M. and Deliomeroglu, M. and Demir, D. and G\"ulmez, E. and Isildak, B. and Kaya, M. and Kaya, O. and \"Ozbek, M. and Ozkorucuklu, S. and Sonmez, N. and Levchuk, L. and Bostock, F. and Brooke, J. J. and Cheng, T. L. and Clement, E. and Cussans, D. and Frazier, R. and Goldstein, J. and Grimes, M. and Hartley, D. and Heath, G. P. and Heath, H. F. and Kreczko, L. and Metson, S. and Newbold, D. M. and Nirunpong, K. and Poll, A. and Senkin, S. and Smith, V. J. and Basso, L. and Bell, K. W. and Belyaev, A. and Brew, C. and Brown, R. M. and Camanzi, B. and Cockerill, D. J. A. and Coughlan, J. A. and Harder, K. and Harper, S. and Jackson, J. and Kennedy, B. W. and Olaiya, E. and Petyt, D. and Radburn-Smith, B. C. and Shepherd-Themistocleous, C. H. and Tomalin, I. R. and Womersley, W. J. and Worm, S. D. and Bainbridge, R. and Ball, G. and Ballin, J. and Beuselinck, R. and Buchmuller, O. and Colling, D. and Cripps, N. and Cutajar, M. and Davies, G. and Della Negra, M. and Ferguson, W. and Fulcher, J. and Futyan, D. and Gilbert, A. and Guneratne Bryer, A. and Hall, G. and Hatherell, Z. and Hays, J. and Iles, G. and Jarvis, M. and Karapostoli, G. and Lyons, L. and MacEvoy, B. C. and Magnan, A.-M. and Marrouche, J. and Mathias, B. and Nandi, R. and Nash, J. and Nikitenko, A. and Papageorgiou, A. and Pesaresi, M. and Petridis, K. and Pioppi, M. and Raymond, D. M. and Rogerson, S. and Rompotis, N. and Rose, A. and Ryan, M. J. and Seez, C. and Sharp, P. and Sparrow, A. and Tapper, A. and Tourneur, S. and Vazquez Acosta, M. and Virdee, T. and Wakefield, S. and Wardle, N. and Wardrope, D. and Whyntie, T. and Barrett, M. and Chadwick, M. and Cole, J. E. and Hobson, P. R. and Khan, A. and Kyberd, P. and Leslie, D. and Martin, W. and Reid, I. D. and Teodorescu, L. and Hatakeyama, K. and Liu, H. and Henderson, C. and Bose, T. and Carrera Jarrin, E. and Fantasia, C. and Heister, A. and St. John, J. and Lawson, P. and Lazic, D. and Rohlf, J. and Sperka, D. and Sulak, L. and Avetisyan, A. and Bhattacharya, S. and Chou, J. P. and Cutts, D. and Ferapontov, A. and Heintz, U. and Jabeen, S. and Kukartsev, G. and Landsberg, G. and Luk, M. and Narain, M. and Nguyen, D. and Segala, M. and Sinthuprasith, T. and Speer, T. and Tsang, K. V. and Breedon, R. and Breto, G. and Calderon De La Barca Sanchez, M. and Chauhan, S. and Chertok, M. and Conway, J. and Cox, P. T. and Dolen, J. and Erbacher, R. and Friis, E. and Ko, W. and Kopecky, A. and Lander, R. and Liu, H. and Maruyama, S. and Miceli, T. and Nikolic, M. and Pellett, D. and Robles, J. and Salur, S. and Schwarz, T. and Searle, M. and Smith, J. and Squires, M. and Tripathi, M. and Vasquez Sierra, R. and Veelken, C. and Andreev, V. and Arisaka, K. and Cline, D. and Cousins, R. and Deisher, A. and Duris, J. and Erhan, S. and Farrell, C. and Hauser, J. and Ignatenko, M. and Jarvis, C. and Plager, C. and Rakness, G. and Schlein, P. and Tucker, J. and Valuev, V. and Babb, J. and Chandra, A. and Clare, R. and Ellison, J. and Gary, J. W. and Giordano, F. and Hanson, G. and Jeng, G. Y. and Kao, S. C. and Liu, F. and Liu, H. and Long, O. R. and Luthra, A. and Nguyen, H. and Shen, B. C. and Stringer, R. and Sturdy, J. and Sumowidagdo, S. and Wilken, R. and Wimpenny, S. and Andrews, W. and Branson, J. G. and Cerati, G. B. and Evans, D. and Golf, F. and Holzner, A. and Kelley, R. and Lebourgeois, M. and Letts, J. and Mangano, B. and Padhi, S. and Palmer, C. and Petrucciani, G. and Pi, H. and Pieri, M. and Ranieri, R. and Sani, M. and Sharma, V. and Simon, S. and Sudano, E. and Tadel, M. and Tu, Y. and Vartak, A. and Wasserbaech, S. and W\"urthwein, F. and Yagil, A. and Yoo, J. and Barge, D. and Bellan, R. and Campagnari, C. and D'Alfonso, M. and Danielson, T. and Flowers, K. and Geffert, P. and Incandela, J. and Justus, C. and Kalavase, P. and Koay, S. A. and Kovalskyi, D. and Krutelyov, V. and Lowette, S. and Mccoll, N. and Pavlunin, V. and Rebassoo, F. and Ribnik, J. and Richman, J. and Rossin, R. and Stuart, D. and To, W. and Vlimant, J. R. and Apresyan, A. and Bornheim, A. and Bunn, J. and Chen, Y. and Gataullin, M. and Ma, Y. and Mott, A. and Newman, H. B. and Rogan, C. and Shin, K. and Timciuc, V. and Traczyk, P. and Veverka, J. and Wilkinson, R. and Yang, Y. and Zhu, R. Y. and Akgun, B. and Carroll, R. and Ferguson, T. and Iiyama, Y. and Jang, D. W. and Jun, S. Y. and Liu, Y. F. and Paulini, M. and Russ, J. and Vogel, H. and Vorobiev, I. and Cumalat, J. P. and Dinardo, M. E. and Drell, B. R. and Edelmaier, C. J. and Ford, W. T. and Gaz, A. and Heyburn, B. and Luiggi Lopez, E. and Nauenberg, U. and Smith, J. G. and Stenson, K. and Ulmer, K. A. and Wagner, S. R. and Zang, S. L. and Agostino, L. and Alexander, J. and Cassel, D. and Chatterjee, A. and Eggert, N. and Gibbons, L. K. and Heltsley, B. and Hopkins, W. and Khukhunaishvili, A. and Kreis, B. and Nicolas Kaufman, G. and Patterson, J. R. and Puigh, D. and Ryd, A. and Saelim, M. and Salvati, E. and Shi, X. and Sun, W. and Teo, W. D. and Thom, J. and Thompson, J. and Vaughan, J. and Weng, Y. and Winstrom, L. and Wittich, P. and Biselli, A. and Cirino, G. and Winn, D. and Abdullin, S. and Albrow, M. and Anderson, J. and Apollinari, G. and Atac, M. and Bakken, J. A. and Bauerdick, L. A. T. and Beretvas, A. and Berryhill, J. and Bhat, P. C. and Bloch, I. and Borcherding, F. and Burkett, K. and Butler, J. N. and Chetluru, V. and Cheung, H. W. K. and Chlebana, F. and Cihangir, S. and Cooper, W. and Eartly, D. P. and Elvira, V. D. and Esen, S. and Fisk, I. and Freeman, J. and Gao, Y. and Gottschalk, E. and Green, D. and Gunthoti, K. and Gutsche, O. and Hanlon, J. and Harris, R. M. and Hirschauer, J. and Hooberman, B. and Jensen, H. and Johnson, M. and Joshi, U. and Khatiwada, R. and Klima, B. and Kousouris, K. and Kunori, S. and Kwan, S. and Leonidopoulos, C. and Limon, P. and Lincoln, D. and Lipton, R. and Lykken, J. and Maeshima, K. and Marraffino, J. M. and Mason, D. and McBride, P. and Miao, T. and Mishra, K. and Mrenna, S. and Musienko, Y. and Newman-Holmes, C. and O'Dell, V. and Pordes, R. and Prokofyev, O. and Saoulidou, N. and Sexton-Kennedy, E. and Sharma, S. and Spalding, W. J. and Spiegel, L. and Tan, P. and Taylor, L. and Tkaczyk, S. and Uplegger, L. and Vaandering, E. W. and Vidal, R. and Whitmore, J. and Wu, W. and Yang, F. and Yumiceva, F. and Yun, J. C. and Acosta, D. and Avery, P. and Bourilkov, D. and Chen, M. and Das, S. and De Gruttola, M. and Di Giovanni, G. P. and Dobur, D. and Drozdetskiy, A. and Field, R. D. and Fisher, M. and Fu, Y. and Furic, I. K. and Gartner, J. and Kim, B. and Konigsberg, J. and Korytov, A. and Kropivnitskaya, A. and Kypreos, T. and Matchev, K. and Mitselmakher, G. and Muniz, L. and Prescott, C. and Remington, R. and Rinkevicius, A. and Schmitt, M. and Scurlock, B. and Sellers, P. and Skhirtladze, N. and Snowball, M. and Wang, D. and Yelton, J. and Zakaria, M. and Gaultney, V. and Kramer, L. and Lebolo, L. M. and Linn, S. and Markowitz, P. and Martinez, G. and Rodriguez, J. L. and Adams, T. and Askew, A. and Bochenek, J. and Chen, J. and Diamond, B. and Gleyzer, S. V. and Haas, J. and Hagopian, S. and Hagopian, V. and Jenkins, M. and Johnson, K. F. and Prosper, H. and Quertenmont, L. and Sekmen, S. and Veeraraghavan, V. and Baarmand, M. M. and Dorney, B. and Guragain, S. and Hohlmann, M. and Kalakhety, H. and Ralich, R. and Vodopiyanov, I. and Adams, M. R. and Anghel, I. M. and Apanasevich, L. and Bai, Y. and Bazterra, V. E. and Betts, R. R. and Callner, J. and Cavanaugh, R. and Dragoiu, C. and Gauthier, L. and Gerber, C. E. and Hofman, D. J. and Khalatyan, S. and Kunde, G. J. and Lacroix, F. and Malek, M. and O'Brien, C. and Silkworth, C. and Silvestre, C. and Smoron, A. and Strom, D. and Varelas, N. and Akgun, U. and Albayrak, E. A. and Bilki, B. and Clarida, W. and Duru, F. and Lae, C. K. and McCliment, E. and Merlo, J.-P. and Mermerkaya, H. and Mestvirishvili, A. and Moeller, A. and Nachtman, J. and Newsom, C. R. and Norbeck, E. and Olson, J. and Onel, Y. and Ozok, F. and Sen, S. and Wetzel, J. and Yetkin, T. and Yi, K. and Barnett, B. A. and Blumenfeld, B. and Bonato, A. and Eskew, C. and Fehling, D. and Giurgiu, G. and Gritsan, A. V. and Guo, Z. J. and Hu, G. and Maksimovic, P. and Rappoccio, S. and Swartz, M. and Tran, N. V. and Whitbeck, A. and Baringer, P. and Bean, A. and Benelli, G. and Grachov, O. and Kenny Iii, R. P. and Murray, M. and Noonan, D. and Sanders, S. and Wood, J. S. and Zhukova, V. and Barfuss, A. F. and Bolton, T. and Chakaberia, I. and Ivanov, A. and Khalil, S. and Makouski, M. and Maravin, Y. and Shrestha, S. and Svintradze, I. and Wan, Z. and Gronberg, J. and Lange, D. and Wright, D. and Baden, A. and Boutemeur, M. and Eno, S. C. and Ferencek, D. and Gomez, J. A. and Hadley, N. J. and Kellogg, R. G. and Kirn, M. and Lu, Y. and Mignerey, A. C. and Rossato, K. and Rumerio, P. and Santanastasio, F. and Skuja, A. and Temple, J. and Tonjes, M. B. and Tonwar, S. C. and Twedt, E. and Alver, B. and Bauer, G. and Bendavid, J. and Busza, W. and Butz, E. and Cali, I. A. and Chan, M. and Dutta, V. and Everaerts, P. and Gomez Ceballos, G. and Goncharov, M. and Hahn, K. A. and Harris, P. and Kim, Y. and Klute, M. and Lee, Y.-J. and Li, W. and Loizides, C. and Luckey, P. D. and Ma, T. and Nahn, S. and Paus, C. and Ralph, D. and Roland, C. and Roland, G. and Rudolph, M. and Stephans, G. S. F. and St\"ockli, F. and Sumorok, K. and Sung, K. and Wenger, E. A. and Wolf, R. and Xie, S. and Yang, M. and Yilmaz, Y. and Yoon, A. S. and Zanetti, M. and Cooper, S. I. and Cushman, P. and Dahmes, B. and De Benedetti, A. and Dudero, P. R. and Franzoni, G. and Haupt, J. and Klapoetke, K. and Kubota, Y. and Mans, J. and Pastika, N. and Rekovic, V. and Rusack, R. and Sasseville, M. and Singovsky, A. and Tambe, N. and Cremaldi, L. M. and Godang, R. and Kroeger, R. and Perera, L. and Rahmat, R. and Sanders, D. A. and Summers, D. and Bloom, K. and Bose, S. and Butt, J. and Claes, D. R. and Dominguez, A. and Eads, M. and Keller, J. and Kelly, T. and Kravchenko, I. and Lazo-Flores, J. and Malbouisson, H. and Malik, S. and Snow, G. R. and Baur, U. and Godshalk, A. and Iashvili, I. and Jain, S. and Kharchilava, A. and Kumar, A. and Shipkowski, S. P. and Smith, K. and Zennamo, J. and Alverson, G. and Barberis, E. and Baumgartel, D. and Boeriu, O. and Chasco, M. and Reucroft, S. and Swain, J. and Trocino, D. and Wood, D. and Zhang, J. and Anastassov, A. and Kubik, A. and Odell, N. and Ofierzynski, R. A. and Pollack, B. and Pozdnyakov, A. and Schmitt, M. and Stoynev, S. and Velasco, M. and Won, S. and Antonelli, L. and Berry, D. and Brinkerhoff, A. and Hildreth, M. and Jessop, C. and Karmgard, D. J. and Kolb, J. and Kolberg, T. and Lannon, K. and Luo, W. and Lynch, S. and Marinelli, N. and Morse, D. M. and Pearson, T. and Ruchti, R. and Slaunwhite, J. and Valls, N. and Wayne, M. and Ziegler, J. and Bylsma, B. and Durkin, L. S. and Gu, J. and Hill, C. and Killewald, P. and Kotov, K. and Ling, T. Y. and Rodenburg, M. and Williams, G. and Adam, N. and Berry, E. and Elmer, P. and Gerbaudo, D. and Halyo, V. and Hebda, P. and Hunt, A. and Jones, J. and Laird, E. and Lopes Pegna, D. and Marlow, D. and Medvedeva, T. and Mooney, M. and Olsen, J. and Pirou\'e, P. and Quan, X. and Safdi, B. and Saka, H. and Stickland, D. and Tully, C. and Werner, J. S. and Zuranski, A. and Acosta, J. G. and Huang, X. T. and Lopez, A. and Mendez, H. and Oliveros, S. and Ramirez Vargas, J. E. and Zatserklyaniy, A. and Alagoz, E. and Barnes, V. E. and Bolla, G. and Borrello, L. and Bortoletto, D. and De Mattia, M. and Everett, A. and Garfinkel, A. F. and Gutay, L. and Hu, Z. and Jones, M. and Koybasi, O. and Kress, M. and Laasanen, A. T. and Leonardo, N. and Liu, C. and Maroussov, V. and Merkel, P. and Miller, D. H. and Neumeister, N. and Shipsey, I. and Silvers, D. and Svyatkovskiy, A. and Yoo, H. D. and Zablocki, J. and Zheng, Y. and Jindal, P. and Parashar, N. and Boulahouache, C. and Ecklund, K. M. and Geurts, F. J. M. and Padley, B. P. and Redjimi, R. and Roberts, J. and Zabel, J. and Betchart, B. and Bodek, A. and Chung, Y. S. and Covarelli, R. and de Barbaro, P. and Demina, R. and Eshaq, Y. and Flacher, H. and Garcia-Bellido, A. and Goldenzweig, P. and Gotra, Y. and Han, J. and Harel, A. and Miner, D. C. and Orbaker, D. and Petrillo, G. and Sakumoto, W. and Vishnevskiy, D. and Zielinski, M. and Bhatti, A. and Ciesielski, R. and Demortier, L. and Goulianos, K. and Lungu, G. and Malik, S. and Mesropian, C. and Atramentov, O. and Barker, A. and Duggan, D. and Gershtein, Y. and Gray, R. and Halkiadakis, E. and Hidas, D. and Hits, D. and Lath, A. and Panwalkar, S. and Patel, R. and Rose, K. and Schnetzer, S. and Somalwar, S. and Stone, R. and Thomas, S. and Cerizza, G. and Hollingsworth, M. and Spanier, S. and Yang, Z. C. and York, A. and Eusebi, R. and Flanagan, W. and Gilmore, J. and Gurrola, A. and Kamon, T. and Khotilovich, V. and Montalvo, R. and Osipenkov, I. and Pakhotin, Y. and Pivarski, J. and Safonov, A. and Sengupta, S. and Tatarinov, A. and Toback, D. and Weinberger, M. and Akchurin, N. and Bardak, C. and Damgov, J. and Jeong, C. and Kovitanggoon, K. and Lee, S. W. and Libeiro, T. and Mane, P. and Roh, Y. and Sill, A. and Volobouev, I. and Wigmans, R. and Yazgan, E. and Appelt, E. and Brownson, E. and Engh, D. and Florez, C. and Gabella, W. and Issah, M. and Johns, W. and Kurt, P. and Maguire, C. and Melo, A. and Sheldon, P. and Snook, B. and Tuo, S. and Velkovska, J. and Arenton, M. W. and Balazs, M. and Boutle, S. and Cox, B. and Francis, B. and Hirosky, R. and Ledovskoy, A. and Lin, C. and Neu, C. and Yohay, R. and Gollapinni, S. and Harr, R. and Karchin, P. E. and Lamichhane, P. and Mattson, M. and Milst\`ene, C. and Sakharov, A. and Anderson, M. and Bachtis, M. and Bellinger, J. N. and Carlsmith, D. and Dasu, S. and Efron, J. and Gray, L. and Grogg, K. S. and Grothe, M. and Hall-Wilton, R. and Herndon, M. and Herv\'e, A. and Klabbers, P. and Klukas, J. and Lanaro, A. and Lazaridis, C. and Leonard, J. and Loveless, R. and Mohapatra, A. and Palmonari, F. and Reeder, D. and Ross, I. and Savin, A. and Smith, W. H. and Swanson, J. and Weinberg, M.},
  collaboration = {CMS Collaboration},
  journal = {Phys. Rev. Lett.},
  volume = {107},
  issue = {9},
  pages = {091802},
  numpages = {15},
  year = {2011},
  month = {Aug},
  publisher = {American Physical Society},
  doi = {10.1103/PhysRevLett.107.091802},
  url = {https://link.aps.org/doi/10.1103/PhysRevLett.107.091802}
}

% Chapter 2: Theoretical Concepts

@book{Peskin:1995ev,
    author = "Peskin, Michael E. and Schroeder, Daniel V.",
    title = "{An Introduction to quantum field theory}",
    isbn = "978-0-201-50397-5",
    publisher = "Addison-Wesley",
    address = "Reading, USA",
    year = "1995"
}

@unpublised{sm,
    author = "{Carsten Burgard, David Galbraith}",
    title = "{A standard diagram of the current standard model of physics}",
    year = {2012},
    url = "http://davidgalbraith.org/portfolio/ux-standard-model-of-the-standard-model/"
}

@article{Bargiotti:2000dn,
    author = "Bargiotti, M. and others",
    title = "{Present knowledge of the Cabibbo-Kobayashi-Maskawa matrix}",
    eprint = "hep-ph/0001293",
    archivePrefix = "arXiv",
    reportNumber = "HERA-B-00-012",
    journal = "Riv. Nuovo Cim.",
    volume = "23N3",
    pages = "1",
    year = "2000"
}


%  Top Quark Physics

@article{PhysRevLett.13.138,
  title = {Evidence for the $2\ensuremath{\pi}$ Decay of the $K_{2}^{0}$ Meson},
  author = {Christenson, J. H. and Cronin, J. W. and Fitch, V. L. and Turlay, R.},
  journal = {Phys. Rev. Lett.},
  volume = {13},
  issue = {4},
  pages = {138--140},
  numpages = {0},
  year = {1964},
  month = {Jul},
  publisher = {American Physical Society},
  doi = {10.1103/PhysRevLett.13.138},
  url = {https://link.aps.org/doi/10.1103/PhysRevLett.13.138}
}

@article{kobayashi1973cp,
  title={CP-violation in the renormalizable theory of weak interaction},
  author={Kobayashi, Makoto and Maskawa, Toshihide},
  journal={Progress of theoretical physics},
  volume={49},
  number={2},
  pages={652--657},
  year={1973},
  publisher={Oxford University Press}
}

@article{PhysRevLett.39.252,
  title = {Observation of a Dimuon Resonance at 9.5 GeV in 400-GeV Proton-Nucleus Collisions},
  author = {Herb, S. W. and Hom, D. C. and Lederman, L. M. and Sens, J. C. and Snyder, H. D. and Yoh, J. K. and Appel, J. A. and Brown, B. C. and Brown, C. N. and Innes, W. R. and Ueno, K. and Yamanouchi, T. and Ito, A. S. and J\"ostlein, H. and Kaplan, D. M. and Kephart, R. D.},
  journal = {Phys. Rev. Lett.},
  volume = {39},
  issue = {5},
  pages = {252--255},
  numpages = {0},
  year = {1977},
  month = {Aug},
  publisher = {American Physical Society},
  doi = {10.1103/PhysRevLett.39.252},
  url = {https://link.aps.org/doi/10.1103/PhysRevLett.39.252}
}

@article{PhysRevLett.74.2632,
  title = {Observation of the Top Quark},
  author = {Abachi, S. and Abbott, B. and Abolins, M. and Acharya, B. S. and Adam, I. and Adams, D. L. and Adams, M. and Ahn, S. and Aihara, H. and Alitti, J. and \'Alvarez, G. and Alves, G. A. and Amidi, E. and Amos, N. and Anderson, E. W. and Aronson, S. H. and Astur, R. and Avery, R. E. and Baden, A. and Balamurali, V. and Balderston, J. and Baldin, B. and Bantly, J. and Bartlett, J. F. and Bazizi, K. and Bendich, J. and Beri, S. B. and Bertram, I. and Bezzubov, V. A. and Bhat, P. C. and Bhatnagar, V. and Bhattacharjee, M. and Bischoff, A. and Biswas, N. and Blazey, G. and Blessing, S. and Boehnlein, A. and Bojko, N. I. and Borcherding, F. and Borders, J. and Boswell, C. and Brandt, A. and Brock, R. and Bross, A. and Buchholz, D. and Burtovoi, V. S. and Butler, J. M. and Casey, D. and Castilla-Valdez, H. and Chakraborty, D. and Chang, S.-M. and Chekulaev, S. V. and Chen, L.-P. and Chen, W. and Chevalier, L. and Chopra, S. and Choudhary, B. C. and Christenson, J. H. and Chung, M. and Claes, D. and Clark, A. R. and Cobau, W. G. and Cochran, J. and Cooper, W. E. and Cretsinger, C. and Cullen-Vidal, D. and Cummings, M. and Cutts, D. and Dahl, O. I. and De, K. and Demarteau, M. and Demina, R. and Denisenko, K. and Denisenko, N. and Denisov, D. and Denisov, S. P. and Dharmaratna, W. and Diehl, H. T. and Diesburg, M. and Di Loreto, G. and Dixon, R. and Draper, P. and Drinkard, J. and Ducros, Y. and Dugad, S. R. and Durston-Johnson, S. and Edmunds, D. and Efimov, A. O. and Ellison, J. and Elvira, V. D. and Engelmann, R. and Eno, S. and Eppley, G. and Ermolov, P. and Eroshin, O. V. and Evdokimov, V. N. and Fahey, S. and Fahland, T. and Fatyga, M. and Fatyga, M. K. and Featherly, J. and Feher, S. and Fein, D. and Ferbel, T. and Finocchiaro, G. and Fisk, H. E. and Fisyak, Yu. and Flattum, E. and Forden, G. E. and Fortner, M. and Frame, K. C. and Franzini, P. and Fredriksen, S. and Fuess, S. and Galjaev, A. N. and Gallas, E. and Gao, C. S. and Gao, S. and Geld, T. L. and Genik II, R. J. and Genser, K. and Gerber, C. E. and Gibbard, B. and Glaubman, M. and Glebov, V. and Glenn, S. and Glicenstein, J. F. and Gobbi, B. and Goforth, M. and Goldschmidt, A. and Gomez, B. and Goncharov, P. I. and Gordon, H. and Goss, L. T. and Graf, N. and Grannis, P. D. and Green, D. R. and Green, J. and Greenlee, H. and Griffin, G. and Grossman, N. and Grudberg, P. and Gr\"unendahl, S. and Guida, J. A. and Guida, J. M. and Guryn, W. and Gurzhiev, S. N. and Gutnikov, Y. E. and Hadley, N. J. and Haggerty, H. and Hagopian, S. and Hagopian, V. and Hahn, K. S. and Hall, R. E. and Hansen, S. and Hatcher, R. and Hauptman, J. M. and Hedin, D. and Heinson, A. P. and Heintz, U. and Hernandez-Montoya, R. and Heuring, T. and Hirosky, R. and Hobbs, J. D. and Hoeneisen, B. and Hoftun, J. S. and Hsieh, F. and Hu, Ting and Hu, Tong and Huehn, T. and Igarashi, S. and Ito, A. S. and James, E. and Jaques, J. and Jerger, S. A. and Jiang, J. Z.-Y. and Joffe-Minor, T. and Johari, H. and Johns, K. and Johnson, M. and Johnstad, H. and Jonckheere, A. and J\"ostlein, H. and Jun, S. Y. and Jung, C. K. and Kahn, S. and Kang, J. S. and Kehoe, R. and Kelly, M. and Kernan, A. and Kerth, L. and Kim, C. L. and Kim, S. K. and Klatchko, A. and Klima, B. and Klochkov, B. I. and Klopfenstein, C. and Klyukhin, V. I. and Kochetkov, V. I. and Kohli, J. M. and Koltick, D. and Kostritskiy, A. V. and Kotcher, J. and Kourlas, J. and Kozelov, A. V. and Kozlovski, E. A. and Krishnaswamy, M. R. and Krzywdzinski, S. and Kunori, S. and Lami, S. and Landsberg, G. and Lanou, R. E. and Lebrat, J-F. and Lee-Franzini, J. and Leflat, A. and Li, H. and Li, J. and Li, Y. K. and Li-Demarteau, Q. Z. and Lima, J. G. R. and Lincoln, D. and Linn, S. L. and Linnemann, J. and Lipton, R. and Liu, Y. C. and Lobkowicz, F. and Loken, S. C. and L\"ok\"os, S. and Lueking, L. and Lyon, A. L. and Maciel, A. K. A. and Madaras, R. J. and Madden, R. and Mandrichenko, I. V. and Mangeot, Ph. and Mani, S. and Mansouli\'e, B. and Mao, H. S. and Margulies, S. and Markeloff, R. and Markosky, L. and Marshall, T. and Martin, M. I. and Marx, M. and May, B. and Mayorov, A. A. and McCarthy, R. and McKibben, T. and McKinley, J. and Melanson, H. L. and de Mello Neto, J. R. T. and Merritt, K. W. and Miettinen, H. and Milder, A. and Milner, C. and Mincer, A. and de Miranda, J. M. and Mishra, C. S. and Mohammadi-Baarmand, M. and Mokhov, N. and Mondal, N. K. and Montgomery, H. E. and Mooney, P. and Mudan, M. and Murphy, C. and Murphy, C. T. and Nang, F. and Narain, M. and Narasimham, V. S. and Narayanan, A. and Neal, H. A. and Negret, J. P. and Neis, E. and Nemethy, P. and Ne\ifmmode \check{s}\else \v{s}\fi{}i\ifmmode \acute{c}\else \'{c}\fi{}, D. and Norman, D. and Oesch, L. and Oguri, V. and Oltman, E. and Oshima, N. and Owen, D. and Padley, P. and Pang, M. and Para, A. and Park, C. H. and Park, Y. M. and Partridge, R. and Parua, N. and Paterno, M. and Perkins, J. and Peryshkin, A. and Peters, M. and Piekarz, H. and Pischalnikov, Y. and Pluquet, A. and Podstavkov, V. M. and Pope, B. G. and Prosper, H. B. and Protopopescu, S. and Pu\ifmmode \check{s}\else \v{s}\fi{}elji\ifmmode \acute{c}\else \'{c}\fi{}, D. and Qian, J. and Quintas, P. Z. and Raja, R. and Rajagopalan, S. and Ramirez, O. and Rao, M. V. S. and Rapidis, P. A. and Rasmussen, L. and Read, A. L. and Reucroft, S. and Rijssenbeek, M. and Rockwell, T. and Roe, N. A. and Roldan, J. M. R. and Rubinov, P. and Ruchti, R. and Rusin, S. and Rutherfoord, J. and Santoro, A. and Sawyer, L. and Schamberger, R. D. and Schellman, H. and Schmid, D. and Sculli, J. and Shabalina, E. and Shaffer, C. and Shankar, H. C. and Shivpuri, R. K. and Shupe, M. and Singh, J. B. and Sirotenko, V. and Smart, W. and Smith, A. and Smith, R. P. and Snihur, R. and Snow, G. R. and Snyder, S. and Solomon, J. and Sood, P. M. and Sosebee, M. and Souza, M. and Spadafora, A. L. and Stephens, R. W. and Stevenson, M. L. and Stewart, D. and Stocker, F. and Stoianova, D. A. and Stoker, D. and Streets, K. and Strovink, M. and Taketani, A. and Tamburello, P. and Tarazi, J. and Tartaglia, M. and Taylor, T. L. and Teiger, J. and Thompson, J. and Trippe, T. G. and Tuts, P. M. and Varelas, N. and Varnes, E. W. and Virador, P. R. G. and Vititoe, D. and Volkov, A. A. and von Goeler, E. and Vorobiev, A. P. and Wahl, H. D. and Wang, J. and Wang, L. Z. and Warchol, J. and Wayne, M. and Weerts, H. and Wenzel, W. A. and White, A. and White, J. T. and Wightman, J. A. and Wilcox, J. and Willis, S. and Wimpenny, S. J. and Wirjawan, J. V. D. and Wolf, Z. and Womersley, J. and Won, E. and Wood, D. R. and Xu, H. and Yamada, R. and Yamin, P. and Yanagisawa, C. and Yang, J. and Yasuda, T. and Yoshikawa, C. and Youssef, S. and Yu, J. and Yu, Y. and Zhang, Y. and Zhou, Y. H. and Zhu, Q. and Zhu, Y. S. and Zhu, Z. H. and Zieminska, D. and Zieminski, A. and Zinchenko, A. and Zylberstejn, A.},
  collaboration = {D0 Collaboration},
  journal = {Phys. Rev. Lett.},
  volume = {74},
  issue = {14},
  pages = {2632--2637},
  numpages = {0},
  year = {1995},
  month = {Apr},
  publisher = {American Physical Society},
  doi = {10.1103/PhysRevLett.74.2632},
  url = {https://link.aps.org/doi/10.1103/PhysRevLett.74.2632}
}

@article{PhysRevLett.74.2626,
  title = {Observation of Top Quark Production in $\overline{\mathit{p}}\mathit{p}$ Collisions with the Collider Detector at Fermilab},
  author = {Abe, F. and Akimoto, H. and Akopian, A. and Albrow, M. G. and Amendolia, S. R. and Amidei, D. and Antos, J. and Anway-Wiese, C. and Aota, S. and Apollinari, G. and Asakawa, T. and Ashmanskas, W. and Atac, M. and Auchincloss, P. and Azfar, F. and Azzi-Bacchetta, P. and Bacchetta, N. and Badgett, W. and Bagdasarov, S. and Bailey, M. W. and Bao, J. and de Barbaro, P. and Barbaro-Galtieri, A. and Barnes, V. E. and Barnett, B. A. and Bartalini, P. and Bauer, G. and Baumann, T. and Bedeschi, F. and Behrends, S. and Belforte, S. and Bellettini, G. and Bellinger, J. and Benjamin, D. and Benlloch, J. and Bensinger, J. and Benton, D. and Beretvas, A. and Berge, J. P. and Bertolucci, S. and Bhatti, A. and Biery, K. and Binkley, M. and Bisello, D. and Blair, R. E. and Blocker, C. and Bodek, A. and Bokhari, W. and Bolognesi, V. and Bortoletto, D. and Boudreau, J. and Brandenburg, G. and Breccia, L. and Bromberg, C. and Buckley-Geer, E. and Budd, H. S. and Burkett, K. and Busetto, G. and Byon-Wagner, A. and Byrum, K. L. and Cammerata, J. and Campagnari, C. and Campbell, M. and Caner, A. and Carithers, W. and Carlsmith, D. and Castro, A. and Cauz, G. and Cen, Y. and Cervelli, F. and Chao, H. Y. and Chapman, J. and Cheng, M.-T. and Chiarelli, G. and Chikamatsu, T. and Chiou, C. N. and Christofek, L. and Cihangir, S. and Clark, A. G. and Cobal, M. and Contreras, M. and Conway, J. and Cooper, J. and Cordelli, M. and Couyoumtzelis, C. and Crane, D. and Cronin-Hennessy, D. and Culbertson, R. and Cunningham, J. D. and Daniels, T. and DeJongh, F. and Delchamps, S. and Dell'Agnello, S. and Dell'Orso, M. and Demortier, L. and Denby, B. and Deninno, M. and Derwent, P. F. and Devlin, T. and Dickson, M. and Dittmann, J. R. and Donati, S. and Drucker, R. B. and Dunn, A. and Eddy, N. and Einsweiler, K. and Elias, J. E. and Ely, R. and Engels, Jr., E. and Errede, D. and Errede, S. and Fan, Q. and Fiori, I. and Flaugher, B. and Foster, G. W. and Franklin, M. and Frautschi, M. and Freeman, J. and Friedman, J. and Frisch, H. and Fuess, T. A. and Fukui, Y. and Funaki, S. and Gagliardi, G. and Galeotti, S. and Gallinaro, M. and Garcia-Sciveres, M. and Garfinkel, A. F. and Gay, C. and Geer, S. and Gerdes, D. W. and Giannetti, P. and Giokaris, N. and Giromini, P. and Gladney, L. and Glenzinski, D. and Gold, M. and Gonzalez, J. and Gordon, A. and Goshaw, A. T. and Goulianos, K. and Grassmann, H. and Groer, L. and Grosso-Pilcher, C. and Guillian, G. and Guo, R. S. and Haber, C. and Hahn, S. R. and Hamilton, R. and Handler, R. and Hans, R. M. and Hara, K. and Harral, B. and Harris, R. M. and Hauger, S. A. and Hauser, J. and Hawk, C. and Hayashi, E. and Heinrich, J. and Hohlmann, M. and Holck, C. and Hollebeek, R. and Holloway, L. and H\"olscher, A. and Hong, S. and Houk, G. and Hu, P. and Huffman, B. T. and Hughes, R. and Huston, J. and Huth, J. and Hylen, J. and Ikeda, H. and Incagli, M. and Incandela, J. and Iwai, J. and Iwata, Y. and Jensen, H. and Joshi, U. and Kadel, R. W. and Kajfasz, E. and Kamon, T. and Kaneko, T. and Karr, K. and Kasha, H. and Kato, Y. and Keeble, L. and Kelley, K. and Kennedy, R. D. and Kephart, R. and Kesten, P. and Kestenbaum, D. and Keup, R. M. and Keutelian, H. and Keyvan, F. and Kim, B. J. and Kim, D. H. and Kim, H. S. and Kim, S. B. and Kim, S. H. and Kim, Y. K. and Kirsch, L. and Koehn, P. and Kondo, K. and Konigsberg, J. and Kopp, S. and Kordas, K. and Koska, W. and Kovacs, E. and Kowald, W. and Krasberg, M. and Kroll, J. and Kruse, M. and Kuwabara, T. and Kuhlmann, S. E. and Kuns, E. and Laasanen, A. T. and Labanca, N. and Lammel, S. and Lamoureux, J. I. and LeCompte, T. and Leone, S. and Lewis, J. D. and Limon, P. and Lindgren, M. and Liss, T. M. and Lockyer, N. and Long, O. and Loomis, C. and Loreti, M. and Lu, J. and Lucchesi, D. and Lukens, P. and Lusin, S. and Lys, J. and Maeshima, K. and Maghakian, A. and Maksimovic, P. and Mangano, M. and Mansour, J. and Mariotti, M. and Marriner, J. P. and Martin, A. and Matthews, J. A. J. and Mattingly, R. and McIntyre, P. and Melese, P. and Menzione, A. and Meschi, E. and Metzler, S. and Miao, C. and Michail, G. and Mikamo, S. and Miller, R. and Minato, H. and Miscetti, S. and Mishina, M. and Mitsushio, H. and Miyamoto, T. and Miyashita, S. and Morita, Y. and Mueller, J. and Mukherjee, A. and Muller, T. and Murat, P. and Nakada, H. and Nakano, I. and Nelson, C. and Neuberger, D. and Newman-Holmes, C. and Ninomiya, M. and Nodulman, L. and Ogawa, S. and Oh, S. H. and Ohl, K. E. and Ohmoto, T. and Ohsugi, T. and Oishi, R. and Okabe, M. and Okusawa, T. and Oliver, R. and Olsen, J. and Pagliarone, C. and Paoletti, R. and Papadimitriou, V. and Pappas, S. P. and Park, S. and Patrick, J. and Pauletta, G. and Paulini, M. and Pescara, L. and Peters, M. D. and Phillips, T. J. and Piacentino, G. and Pillai, M. and Pitts, K. T. and Plunkett, R. and Pondrom, L. and Proudfoot, J. and Ptohos, F. and Punzi, G. and Ragan, K. and Ribon, A. and Rimondi, F. and Ristori, L. and Robertson, W. J. and Rodrigo, T. and Romano, J. and Rosenson, L. and Roser, R. and Sakumoto, W. K. and Saltzberg, D. and Sansoni, A. and Santi, L. and Sato, H. and Scarpine, V. and Schlabach, P. and Schmidt, E. E. and Schmidt, M. P. and Sciacca, G. F. and Scribano, A. and Segler, S. and Seidel, S. and Seiya, Y. and Sganos, G. and Sgolacchia, A. and Shapiro, M. D. and Shaw, N. M. and Shen, Q. and Shepard, P. F. and Shimojima, M. and Shochet, M. and Siegrist, J. and Sill, A. and Sinervo, P. and Singh, P. and Skarha, J. and Sliwa, K. and Smith, D. A. and Snider, F. D. and Song, T. and Spalding, J. and Sphicas, P. and Spiegel, L. and Spies, A. and Stanco, L. and Steele, J. and Stefanini, A. and Strahl, K. and Strait, J. and Stuart, D. and Sullivan, G. and Soumarokov, A. and Sumorok, K. and Suzuki, J. and Takada, T. and Takahashi, T. and Takano, T. and Takikawa, K. and Tamura, N. and Tartarelli, F. and Taylor, W. and Teng, P. K. and Teramoto, Y. and Tether, S. and Theriot, D. and Thomas, T. L. and Thun, R. and Timko, M. and Tipton, P. and Titov, A. and Tkaczyk, S. and Toback, D. and Tollefson, K. and Tollestrup, A. and Tonnison, J. and de Troconiz, J. F. and Truitt, S. and Tseng, J. and Turini, N. and Uchida, T. and Uemura, N. and Ukegawa, F. and Unal, G. and van den Brink, S. C. and Vejcik III, S. and Velev, G. and Vidal, R. and Vondracek, M. and Vucinic, D. and Wagner, R. G. and Wagner, R. L. and Wahl, J. and Walker, R. C. and Wang, C. and Wang, C. H. and Wang, G. and Wang, J. and Wang, M. J. and Wang, Q. F. and Warburton, A. and Watts, G. and Watts, T. and Webb, R. and Wei, C. and Wendt, C. and Wenzel, H. and Wester III, W. C. and Wicklund, A. B. and Wicklund, E. and Wilkinson, R. and Williams, H. H. and Wilson, P. and Winer, B. L. and Wolinski, D. and Wolinski, J. and Wu, X. and Wyss, J. and Yagil, A. and Yao, W. and Yasuoka, K. and Ye, Y. and Yeh, G. P. and Yeh, P. and Yin, M. and Yoh, J. and Yosef, C. and Yoshida, T. and Yovanovitch, D. and Yu, I. and Yun, J. C. and Zanetti, A. and Zetti, F. and Zhang, L. and Zhang, W. and Zucchelli, S.},
  collaboration = {CDF Collaboration},
  journal = {Phys. Rev. Lett.},
  volume = {74},
  issue = {14},
  pages = {2626--2631},
  numpages = {0},
  year = {1995},
  month = {Apr},
  publisher = {American Physical Society},
  doi = {10.1103/PhysRevLett.74.2626},
  url = {https://link.aps.org/doi/10.1103/PhysRevLett.74.2626}
}

@article{ParticleDataGroup:2016lqr,
    author = "Patrignani, C. and others",
    collaboration = "Particle Data Group",
    title = "{Review of Particle Physics}",
    doi = "10.1088/1674-1137/40/10/100001",
    journal = "Chin. Phys. C",
    volume = "40",
    number = "10",
    pages = "100001",
    year = "2016"
}

@article{singtop2014,
   title={Top cross-sections and single top},
   volume={31},
   ISSN={2010-1945},
   url={http://dx.doi.org/10.1142/S2010194514602774},
   DOI={10.1142/s2010194514602774},
   journal={International Journal of Modern Physics: Conference Series},
   publisher={World Scientific Pub Co Pte Lt},
   author={Schwienhorst, Reinhard},
   year={2014},
   month={Jan},
   pages={1460277}
}

@unpublished{andrea,
   author = "{Standard Model Results}",
    title = "{Summary plots from the ATLAS Standard Model physics group}",
    year = {},
    url = "https://atlas.web.cern.ch/Atlas/GROUPS/PHYSICS/PUBNOTES/ATL-PHYS-PUB-2020-012/"
}

% Chapter 3: The LHC and the ATLAS experiment

@unpublished{Haffner:1621894,
      author        = "Haffner, Julie",
      title         = "{The CERN accelerator complex. Complexe des
                       accélérateurs du CERN}",
      month         = "Oct",
      year          = "2013",
      url           = "https://cds.cern.ch/record/1621894",
      note          = "General Photo",
}

@unpublished{PequenaoA,
      author        = "Joao Pequenao",
      title         = "{Computer generated image of the whole ATLAS detector}",
      month         = "Mar",
      year          = "2008",
      url           = "https://cds.cern.ch/record/1095924",
}

@unpublished{PequenaoB,
      author        = "Joao Pequenao and Paul Schaffner",
      title         = "{How ATLAS detects particles: diagram of particle paths in
                       the detector}",
      month         = "Jan",
      year          = "2013",
      url           = "https://cds.cern.ch/record/1505342",
}

@unpublished{Pequenao:1095926,
      author        = "Joao Pequenao",
      title         = "{Computer generated image of the ATLAS inner detector}",
      month         = "Mar",
      year          = "2008",
      url           = "https://cds.cern.ch/record/1095926",
}

@unpublished{Pequenao:1095927,
      author        = "Joao Pequenao",
      title         = "{Computer Generated image of the ATLAS calorimeter}",
      month         = "Mar",
      year          = "2008",
      url           = "https://cds.cern.ch/record/1095927",
}

% Chapter 4: Data and Monte Carlo Simulation

@techreport{ATLAS-CONF-2020-023,
      title         = "{Luminosity determination for low-pileup datasets at
                       $\sqrt{s}=5$ and 13 TeV using the ATLAS detector at the
                       LHC}",
      institution   = "CERN",
      collaboration = "ATLAS Collaboration",
      address       = "Geneva",
      reportNumber  = "ATLAS-CONF-2020-023",
      month         = "Jul",
      year          = "2020",
      url           = "http://cds.cern.ch/record/2725195",
}

@misc{buckley2019monte,
      title={Monte Carlo event generators for high energy particle physics event simulation}, 
      author={Andy Buckley and Frank Krauss and Simon Plätzer and Michael Seymour and Simone Alioli and Jeppe Andersen and Johannes Bellm and Jon Butterworth and Mrinal Dasgupta and Claude Duhr and Stefano Frixione and Stefan Gieseke and Keith Hamilton and Gavin Hesketh and Stefan Hoeche and Hannes Jung and Wolfgang Kilian and Leif Lönnblad and Fabio Maltoni and Michelangelo Mangano and Stephen Mrenna and Zoltán Nagy and Paolo Nason and Emily Nurse and Thorsten Ohl and Carlo Oleari and Andreas Papaefstathiou and Tilman Plehn and Stefan Prestel and Emanuele Ré and Juergen Reuter and Peter Richardson and Gavin Salam and Marek Schoenherr and Steffen Schumann and Frank Siegert and Andrzej Siódmok and Malin Sjödahl and Torbjörn Sjöstrand and Peter Skands and Davison Soper and Gregory Soyez and Bryan Webber},
      year={2019},
      eprint={1902.01674},
      archivePrefix={arXiv},
      primaryClass={hep-ph}
}

@software{atlas_collaboration_2019_2641997,
  author       = {ATLAS Collaboration},
  title        = {Athena},
  month        = apr,
  year         = 2019,
  publisher    = {Zenodo},
  version      = {22.0.1},
  doi          = {10.5281/zenodo.2641997},
  url          = {https://doi.org/10.5281/zenodo.2641997}
}

@article{GEANT4:2002zbu,
    author = "Agostinelli, S. and others",
    collaboration = "GEANT4",
    title = "{GEANT4--a simulation toolkit}",
    reportNumber = "SLAC-PUB-9350, FERMILAB-PUB-03-339, CERN-IT-2002-003",
    doi = "10.1016/S0168-9002(03)01368-8",
    journal = "Nucl. Instrum. Meth. A",
    volume = "506",
    pages = "250--303",
    year = "2003"
}

@article{madgraph2014,
   title={The automated computation of tree-level and next-to-leading order differential cross sections, and their matching to parton shower simulations},
   volume={2014},
   ISSN={1029-8479},
   url={http://dx.doi.org/10.1007/JHEP07(2014)079},
   DOI={10.1007/jhep07(2014)079},
   number={7},
   journal={Journal of High Energy Physics},
   publisher={Springer Science and Business Media LLC},
   author={Alwall, J. and Frederix, R. and Frixione, S. and Hirschi, V. and Maltoni, F. and Mattelaer, O. and Shao, H.-S. and Stelzer, T. and Torrielli, P. and Zaro, M.},
   year={2014},
   month={Jul}
}

@article{sherpa12004,
   title={SHERPA 1. , a proof-of-concept version},
   volume={2004},
   ISSN={1029-8479},
   url={http://dx.doi.org/10.1088/1126-6708/2004/02/056},
   DOI={10.1088/1126-6708/2004/02/056},
   number={02},
   journal={Journal of High Energy Physics},
   publisher={Springer Science and Business Media LLC},
   author={Gleisberg, T and Hoeche, S and Krauss, F and Schaelicke, A and Schumann, S and Winter, J},
   year={2004},
   month={Feb},
   pages={056–056}
}

@article{sherpa2009,
   title={Event generation with SHERPA 1.1},
   volume={2009},
   ISSN={1029-8479},
   url={http://dx.doi.org/10.1088/1126-6708/2009/02/007},
   DOI={10.1088/1126-6708/2009/02/007},
   number={02},
   journal={Journal of High Energy Physics},
   publisher={Springer Science and Business Media LLC},
   author={Gleisberg, T and Höche, S and Krauss, F and Schönherr, M and Schumann, S and Siegert, F and Winter, J},
   year={2009},
   month={Feb},
   pages={007–007}
}

@article{pythia2006,
   title={PYTHIA 6.4 physics and manual},
   volume={2006},
   ISSN={1029-8479},
   url={http://dx.doi.org/10.1088/1126-6708/2006/05/026},
   DOI={10.1088/1126-6708/2006/05/026},
   number={05},
   journal={Journal of High Energy Physics},
   publisher={Springer Science and Business Media LLC},
   author={Sjöstrand, Torbjörn and Mrenna, Stephen and Skands, Peter},
   year={2006},
   month={May},
   pages={026–026}
}

@article{pythia82015,
   title={An introduction to PYTHIA 8.2},
   volume={191},
   ISSN={0010-4655},
   url={http://dx.doi.org/10.1016/j.cpc.2015.01.024},
   DOI={10.1016/j.cpc.2015.01.024},
   journal={Computer Physics Communications},
   publisher={Elsevier BV},
   author={Sjöstrand, Torbjörn and Ask, Stefan and Christiansen, Jesper R. and Corke, Richard and Desai, Nishita and Ilten, Philip and Mrenna, Stephen and Prestel, Stefan and Rasmussen, Christine O. and Skands, Peter Z.},
   year={2015},
   month={Jun},
   pages={159–177}
}

@article{powhegOleari:2010nx,
    author = "Oleari, Carlo",
    editor = {Bl\"umlein, Johannes and Moch, Sven-Olaf and Riemann, Tord},
    title = "{The POWHEG-BOX}",
    eprint = "1007.3893",
    archivePrefix = "arXiv",
    primaryClass = "hep-ph",
    doi = "10.1016/j.nuclphysbps.2010.08.016",
    journal = "Nucl. Phys. B Proc. Suppl.",
    volume = "205-206",
    pages = "36--41",
    year = "2010"
}

% Chapter 5: Events Selection

@unpublished{isolationwp:2010n,
      author        = "ATLAS twiki",
      title         = "{ATLAS Isolation and Fake Forum}",
      month         = "Mar",
      year          = "2021",
      url           = "https://twiki.cern.ch/twiki/bin/view/AtlasProtected/IsolationFakeForum",
}



% Chapter 6: Analysis

% systematics

% luminosity

@techreport{ATLAS-CONF-2019-021,
      title         = "{Luminosity determination in $pp$ collisions at
                       $\sqrt{s}=13$ TeV using the ATLAS detector at the LHC}",
      institution   = "CERN",
      collaboration = "ATLAS Collaboration",
      address       = "Geneva",
      reportNumber  = "ATLAS-CONF-2019-021",
      month         = "Jun",
      year          = "2019",
      url           = "https://cds.cern.ch/record/2677054",
}

@article{Avoni:2018iuv,
    author = "Avoni, G. and others",
    title = "{The new LUCID-2 detector for luminosity measurement and monitoring in ATLAS}",
    doi = "10.1088/1748-0221/13/07/P07017",
    journal = "JINST",
    volume = "13",
    number = "07",
    pages = "P07017",
    year = "2018"
}

% pileup

@article{Marshall:2014mza,
    author = "Marshall, Zachary",
    editor = "Groep, D. L. and Bonacorsi, D.",
    collaboration = "ATLAS",
    title = "{Simulation of Pile-up in the ATLAS Experiment}",
    doi = "10.1088/1742-6596/513/2/022024",
    journal = "J. Phys. Conf. Ser.",
    volume = "513",
    pages = "022024",
    year = "2014"
}

% lepton reconstruction

@article{lep_syst12012,
   title={Measurement of muon momentum resolution of the ATLAS detector},
   volume={28},
   ISSN={2100-014X},
   url={http://dx.doi.org/10.1051/epjconf/20122812039},
   DOI={10.1051/epjconf/20122812039},
   journal={EPJ Web of Conferences},
   publisher={EDP Sciences},
   author={Salvucci, Antonio},
   year={2012},
   pages={12039}
}

@article{lep_syst2017,
   title={Electron efficiency measurements with the ATLAS detector using 2012 LHC proton–proton collision data},
   volume={77},
   ISSN={1434-6052},
   url={http://dx.doi.org/10.1140/epjc/s10052-017-4756-2},
   DOI={10.1140/epjc/s10052-017-4756-2},
   number={3},
   journal={The European Physical Journal C},
   publisher={Springer Science and Business Media LLC},
   author={Aaboud, M. and Aad, G. and Abbott, B. and Abdallah, J. and Abdinov, O. and Abeloos, B. and AbouZeid, O. S. and Abraham, N. L. and Abramowicz, H. and et al.},
   year={2017},
   month={Mar}
}


% jet vertex tagger effiecincy
@article{ATLAS:2015ull,
    author = "Aad, Georges and others",
    collaboration = "ATLAS",
    title = "{Performance of pile-up mitigation techniques for jets in $pp$ collisions at $\sqrt{s}=8$  TeV using the ATLAS detector}",
    eprint = "1510.03823",
    archivePrefix = "arXiv",
    primaryClass = "hep-ex",
    reportNumber = "CERN-PH-EP-2015-206",
    doi = "10.1140/epjc/s10052-016-4395-z",
    journal = "Eur. Phys. J. C",
    volume = "76",
    number = "11",
    pages = "581",
    year = "2016"
}

% Flavor tagging
@article{ATLAS:2015dex,
    collaboration = "ATLAS",
    title = "{Expected performance of the ATLAS $b$-tagging algorithms in Run-2}",
    reportNumber = "ATL-PHYS-PUB-2015-022",
    month = "7",
    year = "2015",
    url           = "https://cds.cern.ch/record/2037697"
}

%signal modeling

@article{tZq2018,
   title={Measurement of the production cross-section of a single top quark in association with a Z boson in proton–proton collisions at 13 TeV with the ATLAS detector},
   volume={780},
   ISSN={0370-2693},
   url={http://dx.doi.org/10.1016/j.physletb.2018.03.023},
   DOI={10.1016/j.physletb.2018.03.023},
   journal={Physics Letters B},
   publisher={Elsevier BV},
   author={Aaboud, M. and Aad, G. and Abbott, B. and Abdinov, O. and Abeloos, B. and Abidi, S.H. and AbouZeid, O.S. and Abraham, N.L. and Abramowicz, H. and Abreu, H. and et al.},
   year={2018},
   month={May},
   pages={557–577}
}

%==============================================================================
% Chapter 7: Analysis

@software{tensorflow_developers_2021_5799851,
  author       = {TensorFlow Developers},
  title        = {TensorFlow},
  month        = dec,
  year         = 2021,
  note         = {{Specific TensorFlow versions can be found in the 
                   "Versions" list on the right side of this
                   page.<br>See the full list of authors <a href="htt
                   ps://github.com/tensorflow/tensorflow/graphs/contr
                   ibutors">on GitHub</a>.}},
  publisher    = {Zenodo},
  version      = {v2.8.0-rc0},
  doi          = {10.5281/zenodo.5799851},
  url          = {https://doi.org/10.5281/zenodo.5799851}
}

@misc{nwankpa2018activation,
      title={Activation Functions: Comparison of trends in Practice and Research for Deep Learning}, 
      author={Chigozie Nwankpa and Winifred Ijomah and Anthony Gachagan and Stephen Marshall},
      year={2018},
      eprint={1811.03378},
      archivePrefix={arXiv},
      primaryClass={cs.LG}
}


% chapter 8: results

@article{likelihood2011,
   title={Asymptotic formulae for likelihood-based tests of new physics},
   volume={71},
   ISSN={1434-6052},
   url={http://dx.doi.org/10.1140/epjc/s10052-011-1554-0},
   DOI={10.1140/epjc/s10052-011-1554-0},
   number={2},
   journal={The European Physical Journal C},
   publisher={Springer Science and Business Media LLC},
   author={Cowan, Glen and Cranmer, Kyle and Gross, Eilam and Vitells, Ofer},
   year={2011},
   month={Feb}
}

@unpublished{trexfitter,
      author        = "Michele Pinamonti and et al.",
      title         = "{TRExFitter}",
      url           = "https://trexfitter-docs.web.cern.ch/trexfitter-docs/",
}

@misc{verkerke2003roofit,
      title={The RooFit toolkit for data modeling}, 
      author={Wouter Verkerke and David Kirkby},
      year={2003},
      eprint={physics/0306116},
      archivePrefix={arXiv},
      primaryClass={physics.data-an}
}

@misc{moneta2011roostats,
      title={The RooStats Project}, 
      author={Lorenzo Moneta and Kevin Belasco and Kyle Cranmer and Sven Kreiss and Alfio Lazzaro and Danilo Piparo and Gregory Schott and Wouter Verkerke and Matthias Wolf},
      year={2011},
      eprint={1009.1003},
      archivePrefix={arXiv},
      primaryClass={physics.data-an}
}

@techreport{summarycrosssection,
      title         = "{Top Working Group Summary Plots$-$Autumn 2018}",
      institution   = "CERN",
      collaboration = "ATLAS Collaboration",
      address       = "Geneva",
      reportNumber  = "ATL-PHYS-PUB-2018-034",
      month         = "Nov",
      year          = "2018",
      url           = "http://cds.cern.ch/record/2647993",
}